@inproceedings{Naylor2010KnownKK,
  title={Known knowns, known unknowns and unknown unknowns: a 2010 update on carotid artery disease.},
  author={A. Ross Naylor},
  year={2010},
  url={https://api.semanticscholar.org/CorpusID:196394883}
}

@article{ScheirerJB14,
  author       = {Walter J. Scheirer and
                  Lalit P. Jain and
                  Terrance E. Boult},
  title        = {Probability Models for Open Set Recognition},
  journal      = {{IEEE} Trans. Pattern Anal. Mach. Intell.},
  volume       = {36},
  number       = {11},
  pages        = {2317--2324},
  year         = {2014},
  url          = {https://doi.org/10.1109/TPAMI.2014.2321392},
  doi          = {10.1109/TPAMI.2014.2321392},
  timestamp    = {Wed, 14 Nov 2018 10:51:01 +0100},
  biburl       = {https://dblp.org/rec/journals/pami/ScheirerJB14.bib},
  bibsource    = {dblp computer science bibliography, https://dblp.org}
}

@inproceedings{DhamijaGB18,
  author       = {Akshay Raj Dhamija and
                  Manuel G{\"{u}}nther and
                  Terrance E. Boult},
  editor       = {Samy Bengio and
                  Hanna M. Wallach and
                  Hugo Larochelle and
                  Kristen Grauman and
                  Nicol{\`{o}} Cesa{-}Bianchi and
                  Roman Garnett},
  title        = {Reducing Network Agnostophobia},
  booktitle    = {Advances in Neural Information Processing Systems 31: Annual Conference
                  on Neural Information Processing Systems 2018, NeurIPS 2018, December
                  3-8, 2018, Montr{\'{e}}al, Canada},
  pages        = {9175--9186},
  year         = {2018},
  url          = {https://proceedings.neurips.cc/paper/2018/hash/48db71587df6c7c442e5b76cc723169a-Abstract.html},
  timestamp    = {Mon, 16 May 2022 15:41:51 +0200},
  biburl       = {https://dblp.org/rec/conf/nips/DhamijaGB18.bib},
  bibsource    = {dblp computer science bibliography, https://dblp.org}
}

@inproceedings{WestonCSBV06,
  author       = {Jason Weston and
                  Ronan Collobert and
                  Fabian H. Sinz and
                  L{\'{e}}on Bottou and
                  Vladimir Vapnik},
  editor       = {William W. Cohen and
                  Andrew W. Moore},
  title        = {Inference with the Universum},
  booktitle    = {Machine Learning, Proceedings of the Twenty-Third International Conference
                  {(ICML} 2006), Pittsburgh, Pennsylvania, USA, June 25-29, 2006},
  series       = {{ACM} International Conference Proceeding Series},
  volume       = {148},
  pages        = {1009--1016},
  publisher    = {{ACM}},
  year         = {2006},
  url          = {https://doi.org/10.1145/1143844.1143971},
  doi          = {10.1145/1143844.1143971},
  timestamp    = {Tue, 19 Nov 2019 09:25:06 +0100},
  biburl       = {https://dblp.org/rec/conf/icml/WestonCSBV06.bib},
  bibsource    = {dblp computer science bibliography, https://dblp.org}
}

@article{DBLP:journals/pami/ScheirerJB14,
  author       = {Walter J. Scheirer and
                  Lalit P. Jain and
                  Terrance E. Boult},
  title        = {Probability Models for Open Set Recognition},
  journal      = {{IEEE} Trans. Pattern Anal. Mach. Intell.},
  volume       = {36},
  number       = {11},
  pages        = {2317--2324},
  year         = {2014},
  url          = {https://doi.org/10.1109/TPAMI.2014.2321392},
  doi          = {10.1109/TPAMI.2014.2321392},
  timestamp    = {Wed, 14 Nov 2018 10:51:01 +0100},
  biburl       = {https://dblp.org/rec/journals/pami/ScheirerJB14.bib},
  bibsource    = {dblp computer science bibliography, https://dblp.org}
}

//Scherreik M D and Rigling B D. 2016. Open set recognition for automatic target classification with rejection. IEEE Transactions on Aerospace and Electronic Systems, 52(2): 632-642 [DOI: 10.1109/taes.2015.150027]
@article{ScherreikR16,
  author       = {Matthew D. Scherreik and
                  Brian D. Rigling},
  title        = {Open set recognition for automatic target classification with rejection},
  journal      = {{IEEE} Trans. Aerosp. Electron. Syst.},
  volume       = {52},
  number       = {2},
  pages        = {632--642},
  year         = {2016},
  url          = {https://doi.org/10.1109/TAES.2015.150027},
  doi          = {10.1109/TAES.2015.150027},
  timestamp    = {Thu, 16 Apr 2020 13:53:32 +0200},
  biburl       = {https://dblp.org/rec/journals/taes/ScherreikR16.bib},
  bibsource    = {dblp computer science bibliography, https://dblp.org}
}

//Bendale A and Boult T. 2015. Towards open world recognition//Proceedings of 2015 IEEE Conference on Computer Vision and Pattern Recognition. Boston, USA: IEEE: 1893-1902 [DOI: 10.1109/CVPR.2015.7298799]
@inproceedings{BendaleB15,
  author       = {Abhijit Bendale and
                  Terrance E. Boult},
  title        = {Towards Open World Recognition},
  booktitle    = {{IEEE} Conference on Computer Vision and Pattern Recognition, {CVPR}
                  2015, Boston, MA, USA, June 7-12, 2015},
  pages        = {1893--1902},
  publisher    = {{IEEE} Computer Society},
  year         = {2015},
  url          = {https://doi.org/10.1109/CVPR.2015.7298799},
  doi          = {10.1109/CVPR.2015.7298799},
  timestamp    = {Fri, 24 Mar 2023 00:02:55 +0100},
  biburl       = {https://dblp.org/rec/conf/cvpr/BendaleB15.bib},
  bibsource    = {dblp computer science bibliography, https://dblp.org}
}

//Mendes Júnior P R, de Souza R M, de O. Werneck R, Stein B V, Pazinato D V, de Almeida W R, Penatti O A B, da S. Torres R and Rocha A. 2017. Nearest neighbors distance ratio open-set classifier. Machine Learning, 106(3): 359-386 [DOI: 10.1007/s10994-016-5610-8]
@article{Mendes-JuniorSW17,
  author       = {Pedro Ribeiro Mendes J{\'{u}}nior and
                  Roberto Medeiros de Souza and
                  Rafael de Oliveira Werneck and
                  Bernardo V. Stein and
                  Daniel V. Pazinato and
                  Waldir R. de Almeida and
                  Ot{\'{a}}vio A. B. Penatti and
                  Ricardo da Silva Torres and
                  Anderson Rocha},
  title        = {Nearest neighbors distance ratio open-set classifier},
  journal      = {Mach. Learn.},
  volume       = {106},
  number       = {3},
  pages        = {359--386},
  year         = {2017},
  url          = {https://doi.org/10.1007/s10994-016-5610-8},
  doi          = {10.1007/S10994-016-5610-8},
  timestamp    = {Tue, 24 Mar 2020 17:03:45 +0100},
  biburl       = {https://dblp.org/rec/journals/ml/Mendes-JuniorSW17.bib},
  bibsource    = {dblp computer science bibliography, https://dblp.org}
}

//Zhang H and Patel V M. 2017. Sparse representation-based open set recognition. IEEE Transactions on Pattern Analysis and Machine Intelligence, 39(8): 1690-1696 [DOI: 10.1109/TPAMI.2016.2613924]
@article{ZhangP17,
  author       = {He Zhang and
                  Vishal M. Patel},
  title        = {Sparse Representation-Based Open Set Recognition},
  journal      = {{IEEE} Trans. Pattern Anal. Mach. Intell.},
  volume       = {39},
  number       = {8},
  pages        = {1690--1696},
  year         = {2017},
  url          = {https://doi.org/10.1109/TPAMI.2016.2613924},
  doi          = {10.1109/TPAMI.2016.2613924},
  timestamp    = {Sun, 21 May 2023 12:56:30 +0200},
  biburl       = {https://dblp.org/rec/journals/pami/ZhangP17.bib},
  bibsource    = {dblp computer science bibliography, https://dblp.org}
}

//Chen G Y, Qiao L M, Shi Y M, Peng P X, Li J, Huang T J, Pu S L and Tian Y H. 2020. Learning open set network with discriminative reciprocal points//Proceedings of the 16th European Conference on Computer Vision. Glasgow, UK: Springer: 507-522 [DOI: 10.1007/978-3-030-58580-8_30]
@inproceedings{ChenQ0PLHP020,
  author       = {Guangyao Chen and
                  Limeng Qiao and
                  Yemin Shi and
                  Peixi Peng and
                  Jia Li and
                  Tiejun Huang and
                  Shiliang Pu and
                  Yonghong Tian},
  editor       = {Andrea Vedaldi and
                  Horst Bischof and
                  Thomas Brox and
                  Jan{-}Michael Frahm},
  title        = {Learning Open Set Network with Discriminative Reciprocal Points},
  booktitle    = {Computer Vision - {ECCV} 2020 - 16th European Conference, Glasgow,
                  UK, August 23-28, 2020, Proceedings, Part {III}},
  series       = {Lecture Notes in Computer Science},
  volume       = {12348},
  pages        = {507--522},
  publisher    = {Springer},
  year         = {2020},
  url          = {https://doi.org/10.1007/978-3-030-58580-8\_30},
  doi          = {10.1007/978-3-030-58580-8\_30},
  timestamp    = {Thu, 02 Dec 2021 17:27:16 +0100},
  biburl       = {https://dblp.org/rec/conf/eccv/ChenQ0PLHP020.bib},
  bibsource    = {dblp computer science bibliography, https://dblp.org}
}

//Shu Y, Shi Y M, Wang Y W, Huang T J and Tian Y H. 2020. P-ODN: prototype-based open deep network for open set recognition. Scientific Reports, 10(1): 7146 [DOI: 10.1038/s41598-020-63649-6]
@article{Shu2019PODNPO,
  title={P-ODN: Prototype-based Open Deep Network for Open Set Recognition},
  author={Yu Shu and Yemin Shi and Yaowei Wang and Tiejun Huang and Yonghong Tian},
  journal={Scientific Reports},
  year={2019},
  volume={10},
  url={https://api.semanticscholar.org/CorpusID:146120506}
}

//Yoshihashi R, Shao W, Kawakami R, You S, Iida M, and Naemura T. 2019. Classification-reconstruction learning for open-set recognition. // Proceedings of 2019 IEEE/CVF Conference on Computer Vision and Pattern Recognition. Long Beach, USA: IEEE: 4016–4025 [DOI: 10.1109/CVPR.2019.00414]
@inproceedings{YoshihashiSKYIN19,
  author       = {Ryota Yoshihashi and
                  Wen Shao and
                  Rei Kawakami and
                  Shaodi You and
                  Makoto Iida and
                  Takeshi Naemura},
  title        = {Classification-Reconstruction Learning for Open-Set Recognition},
  booktitle    = {{IEEE} Conference on Computer Vision and Pattern Recognition, {CVPR}
                  2019, Long Beach, CA, USA, June 16-20, 2019},
  pages        = {4016--4025},
  publisher    = {Computer Vision Foundation / {IEEE}},
  year         = {2019},
  url          = {http://openaccess.thecvf.com/content\_CVPR\_2019/html/Yoshihashi\_Classification-Reconstruction\_Learning\_for\_Open-Set\_Recognition\_CVPR\_2019\_paper.html},
  doi          = {10.1109/CVPR.2019.00414},
  timestamp    = {Tue, 21 Mar 2023 20:55:39 +0100},
  biburl       = {https://dblp.org/rec/conf/cvpr/YoshihashiSKYIN19.bib},
  bibsource    = {dblp computer science bibliography, https://dblp.org}
}


//Ge Z Y, Demyanov S and Garnavi R. 2017. Generative openmax for multi-class open set classification//Proceedings of the British Machine Vision Conference. London, UK: BMVA Press: 42.1-42.12 [DOI: 10.5244/c.31.42]


//Yu Y, Qu W Y, Li N and Guo Z M. 2017. Open category classification by adversarial sample generation//Proceedings of the 26th International Joint Conference on Artificial Intelligence. Melbourne, Australia: IJCAI.org: 3357-3363 [DOI: 10.24963/ijcai.2017/469]
@inproceedings{YuQLG17,
  author       = {Yang Yu and
                  Wei{-}Yang Qu and
                  Nan Li and
                  Zimin Guo},
  editor       = {Carles Sierra},
  title        = {Open Category Classification by Adversarial Sample Generation},
  booktitle    = {Proceedings of the Twenty-Sixth International Joint Conference on
                  Artificial Intelligence, {IJCAI} 2017, Melbourne, Australia, August
                  19-25, 2017},
  pages        = {3357--3363},
  publisher    = {ijcai.org},
  year         = {2017},
  url          = {https://doi.org/10.24963/ijcai.2017/469},
  doi          = {10.24963/IJCAI.2017/469},
  timestamp    = {Tue, 20 Aug 2019 16:17:55 +0200},
  biburl       = {https://dblp.org/rec/conf/ijcai/YuQLG17.bib},
  bibsource    = {dblp computer science bibliography, https://dblp.org}
}

//Neal L, Olson M, Fern X, Wong W K and Li F X. 2018. Open set learning with counterfactual images//Proceedings of 15th European Conference on Computer Vision. Munich, Germany: Springer: 620-635 [DOI: 10.1007/978-3-030-01231-1_38]
@inproceedings{NealOFWL18,
  author       = {Lawrence Neal and
                  Matthew L. Olson and
                  Xiaoli Z. Fern and
                  Weng{-}Keen Wong and
                  Fuxin Li},
  editor       = {Vittorio Ferrari and
                  Martial Hebert and
                  Cristian Sminchisescu and
                  Yair Weiss},
  title        = {Open Set Learning with Counterfactual Images},
  booktitle    = {Computer Vision - {ECCV} 2018 - 15th European Conference, Munich,
                  Germany, September 8-14, 2018, Proceedings, Part {VI}},
  series       = {Lecture Notes in Computer Science},
  volume       = {11210},
  pages        = {620--635},
  publisher    = {Springer},
  year         = {2018},
  url          = {https://doi.org/10.1007/978-3-030-01231-1\_38},
  doi          = {10.1007/978-3-030-01231-1\_38},
  timestamp    = {Wed, 02 Oct 2019 12:02:47 +0200},
  biburl       = {https://dblp.org/rec/conf/eccv/NealOFWL18.bib},
  bibsource    = {dblp computer science bibliography, https://dblp.org}
}

//Geng C X and Chen S C. 2022. Collective decision for open set recognition. IEEE Transactions on Knowledge and Data Engineering, 34(1): 192-204 [DOI: 10.1109/TKDE.2020.2978199]
@article{GengC22,
  author       = {Chuanxing Geng and
                  Songcan Chen},
  title        = {Collective Decision for Open Set Recognition},
  journal      = {{IEEE} Trans. Knowl. Data Eng.},
  volume       = {34},
  number       = {1},
  pages        = {192--204},
  year         = {2022},
  url          = {https://doi.org/10.1109/TKDE.2020.2978199},
  doi          = {10.1109/TKDE.2020.2978199},
  timestamp    = {Sat, 25 Dec 2021 15:49:41 +0100},
  biburl       = {https://dblp.org/rec/journals/tkde/GengC22.bib},
  bibsource    = {dblp computer science bibliography, https://dblp.org}
}

@article{abs-2110-11334,
  author       = {Jingkang Yang and
                  Kaiyang Zhou and
                  Yixuan Li and
                  Ziwei Liu},
  title        = {Generalized Out-of-Distribution Detection: {A} Survey},
  journal      = {CoRR},
  volume       = {abs/2110.11334},
  year         = {2021},
  url          = {https://arxiv.org/abs/2110.11334},
  eprinttype    = {arXiv},
  eprint       = {2110.11334},
  timestamp    = {Fri, 05 May 2023 15:54:56 +0200},
  biburl       = {https://dblp.org/rec/journals/corr/abs-2110-11334.bib},
  bibsource    = {dblp computer science bibliography, https://dblp.org}
}

@article{GengHC21,
  author       = {Chuanxing Geng and
                  Sheng{-}Jun Huang and
                  Songcan Chen},
  title        = {Recent Advances in Open Set Recognition: {A} Survey},
  journal      = {{IEEE} Trans. Pattern Anal. Mach. Intell.},
  volume       = {43},
  number       = {10},
  pages        = {3614--3631},
  year         = {2021},
  url          = {https://doi.org/10.1109/TPAMI.2020.2981604},
  doi          = {10.1109/TPAMI.2020.2981604},
  timestamp    = {Wed, 16 Mar 2022 23:55:00 +0100},
  biburl       = {https://dblp.org/rec/journals/pami/GengHC21.bib},
  bibsource    = {dblp computer science bibliography, https://dblp.org}
}

@article{ZhangLS20,
  author       = {Xu{-}Yao Zhang and
                  Cheng{-}Lin Liu and
                  Ching Y. Suen},
  title        = {Towards Robust Pattern Recognition: {A} Review},
  journal      = {Proc. {IEEE}},
  volume       = {108},
  number       = {6},
  pages        = {894--922},
  year         = {2020},
  url          = {https://doi.org/10.1109/JPROC.2020.2989782},
  doi          = {10.1109/JPROC.2020.2989782},
  timestamp    = {Fri, 02 Oct 2020 14:42:37 +0200},
  biburl       = {https://dblp.org/rec/journals/pieee/ZhangLS20.bib},
  bibsource    = {dblp computer science bibliography, https://dblp.org}
}

@article{abs-2302-03648,
  author       = {Da{-}Wei Zhou and
                  Qi{-}Wei Wang and
                  Zhi{-}Hong Qi and
                  Han{-}Jia Ye and
                  De{-}Chuan Zhan and
                  Ziwei Liu},
  title        = {Deep Class-Incremental Learning: {A} Survey},
  journal      = {CoRR},
  volume       = {abs/2302.03648},
  year         = {2023},
  url          = {https://doi.org/10.48550/arXiv.2302.03648},
  doi          = {10.48550/ARXIV.2302.03648},
  eprinttype    = {arXiv},
  eprint       = {2302.03648},
  timestamp    = {Fri, 10 Feb 2023 12:26:38 +0100},
  biburl       = {https://dblp.org/rec/journals/corr/abs-2302-03648.bib},
  bibsource    = {dblp computer science bibliography, https://dblp.org}
}

@inproceedings{CastroMGSA18,
  author       = {Francisco M. Castro and
                  Manuel J. Mar{\'{\i}}n{-}Jim{\'{e}}nez and
                  Nicol{\'{a}}s Guil and
                  Cordelia Schmid and
                  Karteek Alahari},
  editor       = {Vittorio Ferrari and
                  Martial Hebert and
                  Cristian Sminchisescu and
                  Yair Weiss},
  title        = {End-to-End Incremental Learning},
  booktitle    = {Computer Vision - {ECCV} 2018 - 15th European Conference, Munich,
                  Germany, September 8-14, 2018, Proceedings, Part {XII}},
  series       = {Lecture Notes in Computer Science},
  volume       = {11216},
  pages        = {241--257},
  publisher    = {Springer},
  year         = {2018},
  url          = {https://doi.org/10.1007/978-3-030-01258-8\_15},
  doi          = {10.1007/978-3-030-01258-8\_15},
  timestamp    = {Fri, 27 Mar 2020 08:52:50 +0100},
  biburl       = {https://dblp.org/rec/conf/eccv/CastroMGSA18.bib},
  bibsource    = {dblp computer science bibliography, https://dblp.org}
}

@inproceedings{ChaudhryRRE19,
  author       = {Arslan Chaudhry and
                  Marc'Aurelio Ranzato and
                  Marcus Rohrbach and
                  Mohamed Elhoseiny},
  title        = {Efficient Lifelong Learning with {A-GEM}},
  booktitle    = {7th International Conference on Learning Representations, {ICLR} 2019,
                  New Orleans, LA, USA, May 6-9, 2019},
  publisher    = {OpenReview.net},
  year         = {2019},
  url          = {https://openreview.net/forum?id=Hkf2\_sC5FX},
  timestamp    = {Thu, 25 Jul 2019 14:25:58 +0200},
  biburl       = {https://dblp.org/rec/conf/iclr/ChaudhryRRE19.bib},
  bibsource    = {dblp computer science bibliography, https://dblp.org}
}


@inproceedings{DongWFSXW022,
  author       = {Jiahua Dong and
                  Lixu Wang and
                  Zhen Fang and
                  Gan Sun and
                  Shichao Xu and
                  Xiao Wang and
                  Qi Zhu},
  title        = {Federated Class-Incremental Learning},
  booktitle    = {{IEEE/CVF} Conference on Computer Vision and Pattern Recognition,
                  {CVPR} 2022, New Orleans, LA, USA, June 18-24, 2022},
  pages        = {10154--10163},
  publisher    = {{IEEE}},
  year         = {2022},
  url          = {https://doi.org/10.1109/CVPR52688.2022.00992},
  doi          = {10.1109/CVPR52688.2022.00992},
  timestamp    = {Wed, 30 Aug 2023 16:44:47 +0200},
  biburl       = {https://dblp.org/rec/conf/cvpr/DongWFSXW022.bib},
  bibsource    = {dblp computer science bibliography, https://dblp.org}
}

@inproceedings{AhnKLBKM21,
  author       = {Hongjoon Ahn and
                  Jihwan Kwak and
                  Subin Lim and
                  Hyeonsu Bang and
                  Hyojun Kim and
                  Taesup Moon},
  title        = {{SS-IL:} Separated Softmax for Incremental Learning},
  booktitle    = {2021 {IEEE/CVF} International Conference on Computer Vision, {ICCV}
                  2021, Montreal, QC, Canada, October 10-17, 2021},
  pages        = {824--833},
  publisher    = {{IEEE}},
  year         = {2021},
  url          = {https://doi.org/10.1109/ICCV48922.2021.00088},
  doi          = {10.1109/ICCV48922.2021.00088},
  timestamp    = {Fri, 11 Mar 2022 10:01:59 +0100},
  biburl       = {https://dblp.org/rec/conf/iccv/AhnKLBKM21.bib},
  bibsource    = {dblp computer science bibliography, https://dblp.org}
}


@inproceedings{He0C21,
  author       = {Chen He and
                  Ruiping Wang and
                  Xilin Chen},
  title        = {A Tale of Two CILs: The Connections Between Class Incremental Learning
                  and Class Imbalanced Learning, and Beyond},
  booktitle    = {{IEEE} Conference on Computer Vision and Pattern Recognition Workshops,
                  {CVPR} Workshops 2021, virtual, June 19-25, 2021},
  pages        = {3559--3569},
  publisher    = {Computer Vision Foundation / {IEEE}},
  year         = {2021},
  url          = {https://openaccess.thecvf.com/content/CVPR2021W/CLVision/html/He\_A\_Tale\_of\_Two\_CILs\_The\_Connections\_Between\_Class\_Incremental\_CVPRW\_2021\_paper.html},
  doi          = {10.1109/CVPRW53098.2021.00395},
  timestamp    = {Sun, 02 Oct 2022 15:58:30 +0200},
  biburl       = {https://dblp.org/rec/conf/cvpr/He0C21.bib},
  bibsource    = {dblp computer science bibliography, https://dblp.org}
}

@inproceedings{PhamLH22,
  author       = {Quang Pham and
                  Chenghao Liu and
                  Steven C. H. Hoi},
  title        = {Continual Normalization: Rethinking Batch Normalization for Online
                  Continual Learning},
  booktitle    = {The Tenth International Conference on Learning Representations, {ICLR}
                  2022, Virtual Event, April 25-29, 2022},
  publisher    = {OpenReview.net},
  year         = {2022},
  url          = {https://openreview.net/forum?id=vwLLQ-HwqhZ},
  timestamp    = {Sat, 20 Aug 2022 01:15:42 +0200},
  biburl       = {https://dblp.org/rec/conf/iclr/PhamLH22.bib},
  bibsource    = {dblp computer science bibliography, https://dblp.org}
}

@article{abs-2108-07258,
  author       = {Rishi Bommasani and
                  Drew A. Hudson and
                  Ehsan Adeli and
                  Russ B. Altman and
                  Simran Arora and
                  Sydney von Arx and
                  Michael S. Bernstein and
                  Jeannette Bohg and
                  Antoine Bosselut and
                  Emma Brunskill and
                  Erik Brynjolfsson and
                  Shyamal Buch and
                  Dallas Card and
                  Rodrigo Castellon and
                  Niladri S. Chatterji and
                  Annie S. Chen and
                  Kathleen Creel and
                  Jared Quincy Davis and
                  Dorottya Demszky and
                  Chris Donahue and
                  Moussa Doumbouya and
                  Esin Durmus and
                  Stefano Ermon and
                  John Etchemendy and
                  Kawin Ethayarajh and
                  Li Fei{-}Fei and
                  Chelsea Finn and
                  Trevor Gale and
                  Lauren Gillespie and
                  Karan Goel and
                  Noah D. Goodman and
                  Shelby Grossman and
                  Neel Guha and
                  Tatsunori Hashimoto and
                  Peter Henderson and
                  John Hewitt and
                  Daniel E. Ho and
                  Jenny Hong and
                  Kyle Hsu and
                  Jing Huang and
                  Thomas Icard and
                  Saahil Jain and
                  Dan Jurafsky and
                  Pratyusha Kalluri and
                  Siddharth Karamcheti and
                  Geoff Keeling and
                  Fereshte Khani and
                  Omar Khattab and
                  Pang Wei Koh and
                  Mark S. Krass and
                  Ranjay Krishna and
                  Rohith Kuditipudi and
                  et al.},
  title        = {On the Opportunities and Risks of Foundation Models},
  journal      = {CoRR},
  volume       = {abs/2108.07258},
  year         = {2021},
  url          = {https://arxiv.org/abs/2108.07258},
  eprinttype    = {arXiv},
  eprint       = {2108.07258},
  timestamp    = {Fri, 17 Feb 2023 09:02:02 +0100},
  biburl       = {https://dblp.org/rec/journals/corr/abs-2108-07258.bib},
  bibsource    = {dblp computer science bibliography, https://dblp.org}
}

@inproceedings{CLIP,
  author       = {Alec Radford and
                  Jong Wook Kim and
                  Chris Hallacy and
                  Aditya Ramesh and
                  Gabriel Goh and
                  Sandhini Agarwal and
                  Girish Sastry and
                  Amanda Askell and
                  Pamela Mishkin and
                  Jack Clark and
                  Gretchen Krueger and
                  Ilya Sutskever},
  editor       = {Marina Meila and
                  Tong Zhang},
  title        = {Learning Transferable Visual Models From Natural Language Supervision},
  booktitle    = {Proceedings of the 38th International Conference on Machine Learning,
                  {ICML} 2021, 18-24 July 2021, Virtual Event},
  series       = {Proceedings of Machine Learning Research},
  volume       = {139},
  pages        = {8748--8763},
  publisher    = {{PMLR}},
  year         = {2021},
  url          = {http://proceedings.mlr.press/v139/radford21a.html},
  timestamp    = {Wed, 25 Aug 2021 17:11:17 +0200},
  biburl       = {https://dblp.org/rec/conf/icml/RadfordKHRGASAM21.bib},
  bibsource    = {dblp computer science bibliography, https://dblp.org}
}

@article{GPT4,
  author       = {OpenAI},
  title        = {{GPT-4} Technical Report},
  journal      = {CoRR},
  volume       = {abs/2303.08774},
  year         = {2023},
  url          = {https://doi.org/10.48550/arXiv.2303.08774},
  doi          = {10.48550/ARXIV.2303.08774},
  eprinttype    = {arXiv},
  eprint       = {2303.08774},
  timestamp    = {Mon, 28 Aug 2023 21:26:19 +0200},
  biburl       = {https://dblp.org/rec/journals/corr/abs-2303-08774.bib},
  bibsource    = {dblp computer science bibliography, https://dblp.org}
}

@article{LLaMA,
  author       = {Hugo Touvron and
                  Thibaut Lavril and
                  Gautier Izacard and
                  Xavier Martinet and
                  Marie{-}Anne Lachaux and
                  Timoth{\'{e}}e Lacroix and
                  Baptiste Rozi{\`{e}}re and
                  Naman Goyal and
                  Eric Hambro and
                  Faisal Azhar and
                  Aur{\'{e}}lien Rodriguez and
                  Armand Joulin and
                  Edouard Grave and
                  Guillaume Lample},
  title        = {LLaMA: Open and Efficient Foundation Language Models},
  journal      = {CoRR},
  volume       = {abs/2302.13971},
  year         = {2023},
  url          = {https://doi.org/10.48550/arXiv.2302.13971},
  doi          = {10.48550/ARXIV.2302.13971},
  eprinttype    = {arXiv},
  eprint       = {2302.13971},
  timestamp    = {Mon, 28 Aug 2023 21:26:20 +0200},
  biburl       = {https://dblp.org/rec/journals/corr/abs-2302-13971.bib},
  bibsource    = {dblp computer science bibliography, https://dblp.org}
}

@inproceedings{BrownMRSKDNSSAA20,
  author       = {Tom B. Brown and
                  Benjamin Mann and
                  Nick Ryder and
                  Melanie Subbiah and
                  Jared Kaplan and
                  Prafulla Dhariwal and
                  Arvind Neelakantan and
                  Pranav Shyam and
                  Girish Sastry and
                  Amanda Askell and
                  Sandhini Agarwal and
                  Ariel Herbert{-}Voss and
                  Gretchen Krueger and
                  Tom Henighan and
                  Rewon Child and
                  Aditya Ramesh and
                  Daniel M. Ziegler and
                  Jeffrey Wu and
                  Clemens Winter and
                  Christopher Hesse and
                  Mark Chen and
                  Eric Sigler and
                  Mateusz Litwin and
                  Scott Gray and
                  Benjamin Chess and
                  Jack Clark and
                  Christopher Berner and
                  Sam McCandlish and
                  Alec Radford and
                  Ilya Sutskever and
                  Dario Amodei},
  editor       = {Hugo Larochelle and
                  Marc'Aurelio Ranzato and
                  Raia Hadsell and
                  Maria{-}Florina Balcan and
                  Hsuan{-}Tien Lin},
  title        = {Language Models are Few-Shot Learners},
  booktitle    = {Advances in Neural Information Processing Systems 33: Annual Conference
                  on Neural Information Processing Systems 2020, NeurIPS 2020, December
                  6-12, 2020, virtual},
  year         = {2020},
  url          = {https://proceedings.neurips.cc/paper/2020/hash/1457c0d6bfcb4967418bfb8ac142f64a-Abstract.html},
  timestamp    = {Thu, 25 May 2023 10:38:31 +0200},
  biburl       = {https://dblp.org/rec/conf/nips/BrownMRSKDNSSAA20.bib},
  bibsource    = {dblp computer science bibliography, https://dblp.org}
}

@inproceedings{BenderGMS21,
  author       = {Emily M. Bender and
                  Timnit Gebru and
                  Angelina McMillan{-}Major and
                  Shmargaret Shmitchell},
  editor       = {Madeleine Clare Elish and
                  William Isaac and
                  Richard S. Zemel},
  title        = {On the Dangers of Stochastic Parrots: Can Language Models Be Too Big?},
  booktitle    = {FAccT '21: 2021 {ACM} Conference on Fairness, Accountability, and
                  Transparency, Virtual Event / Toronto, Canada, March 3-10, 2021},
  pages        = {610--623},
  publisher    = {{ACM}},
  year         = {2021},
  url          = {https://doi.org/10.1145/3442188.3445922},
  doi          = {10.1145/3442188.3445922},
  timestamp    = {Fri, 05 May 2023 15:54:55 +0200},
  biburl       = {https://dblp.org/rec/conf/fat/BenderGMS21.bib},
  bibsource    = {dblp computer science bibliography, https://dblp.org}
}

@inproceedings{RadfordKHRGASAM21,
  author       = {Alec Radford and
                  Jong Wook Kim and
                  Chris Hallacy and
                  Aditya Ramesh and
                  Gabriel Goh and
                  Sandhini Agarwal and
                  Girish Sastry and
                  Amanda Askell and
                  Pamela Mishkin and
                  Jack Clark and
                  Gretchen Krueger and
                  Ilya Sutskever},
  editor       = {Marina Meila and
                  Tong Zhang},
  title        = {Learning Transferable Visual Models From Natural Language Supervision},
  booktitle    = {Proceedings of the 38th International Conference on Machine Learning,
                  {ICML} 2021, 18-24 July 2021, Virtual Event},
  series       = {Proceedings of Machine Learning Research},
  volume       = {139},
  pages        = {8748--8763},
  publisher    = {{PMLR}},
  year         = {2021},
  url          = {http://proceedings.mlr.press/v139/radford21a.html},
  timestamp    = {Wed, 25 Aug 2021 17:11:17 +0200},
  biburl       = {https://dblp.org/rec/conf/icml/RadfordKHRGASAM21.bib},
  bibsource    = {dblp computer science bibliography, https://dblp.org}
}
@inproceedings{JiaYXCPPLSLD21,
  author       = {Chao Jia and
                  Yinfei Yang and
                  Ye Xia and
                  Yi{-}Ting Chen and
                  Zarana Parekh and
                  Hieu Pham and
                  Quoc V. Le and
                  Yun{-}Hsuan Sung and
                  Zhen Li and
                  Tom Duerig},
  editor       = {Marina Meila and
                  Tong Zhang},
  title        = {Scaling Up Visual and Vision-Language Representation Learning With
                  Noisy Text Supervision},
  booktitle    = {Proceedings of the 38th International Conference on Machine Learning,
                  {ICML} 2021, 18-24 July 2021, Virtual Event},
  series       = {Proceedings of Machine Learning Research},
  volume       = {139},
  pages        = {4904--4916},
  publisher    = {{PMLR}},
  year         = {2021},
  url          = {http://proceedings.mlr.press/v139/jia21b.html},
  timestamp    = {Wed, 25 Aug 2021 17:11:17 +0200},
  biburl       = {https://dblp.org/rec/conf/icml/JiaYXCPPLSLD21.bib},
  bibsource    = {dblp computer science bibliography, https://dblp.org}
}

@article{chs_survey,
author={杨春 and 刘畅 and 方治屿 and 韩铮 and 刘成林 and 殷绪成},
title={开放集文字识别技术},
journal={中国图象图形学报},
year={2023},
volume={28},
number={6},
pages={1767-1791},
month={6},
}
%%%%%%%%%%%%%%%%%%%%%%%%%%%

@article{chs_laos,
author={陈琢 and 周兰江 and 郝永彬 and 张建安},
title={融合字符结构特征的多任务老挝语文字识别研究},
journal={中文信息学报},
year={2023},
volume={37},
number={4},
pages={34-44},
month={4},
}
@article{chs_tieb,
author={刘真真 and 王茂基 and 李永忠 and 沈晔华},
title={基于分形矩的印刷体藏文特征提取方法},
journal={模式识别与人工智能},
year={2008},
volume={21},
number={5},
pages={654-657},
month={1},
}

@article{chs_epak,
author={骆彦龙 and 毕晓君 and 吴立成 and 李霞丽},
title={基于改进残差学习的东巴象形文字识别},
journal={智能系统学报},
year={2022},
volume={17},
number={1},
pages={79-87},
month={2},
}
@article{chs_ora2,
author={张颐康 and 张恒 and 刘永革 and 刘成林}, 
title={基于跨模态深度度量学习的甲骨文字识别}, 
journal={自动化学报}, 
year={2021}, 
volume={47}, 
number={4}, 
pages={791-800}, 
month={4}, 
}
@article{chs_arab,
author={许亚美 and 何继爱},
title={基于加权贝叶斯的脱机手写阿文单词识别},
journal={中文信息学报},
year={2021},
volume={35},
number={2},
pages={133-140},
month={2},
}
@article{chs_tahidi,
author={束锡红 and 聂君 and 刘景云},
title={岩画图形文字符号数字模糊识别研究——以宁夏大麦地岩画为例},
journal={西北大学学报（哲学社会科学版）},
year={2022},
volume={52},
number={5},
pages={39-49},
month={9},
}
@article{chs_aqua,
author={汤敏丽 and 谢少敏 and 刘向荣},
title={基于Faster-RCNN的水书古籍手写文字的检测与识别},
journal={厦门大学学报（自然科学版）},
year={2022},
volume={61},
number={2},
pages={272-277},
month={3},
}
@article{chs_mong,
author={石佳钰 and 殷雁君 and 张文轩 and 智敏},
title={融合边缘注意力的手写蒙古文字元数据增强方法},
journal={内蒙古师范大学学报（自然科学汉文版）},
year={2023},
volume={52},
number={2},
pages={189-196},
month={3},
}
@article{chs_ora,
author={张颐康 and 张恒 and 刘永革 and 刘成林},
title={基于跨模态深度度量学习的甲骨文字识别},
journal={自动化学报},
year={2021},
volume={47},
number={4},
pages={791-800},
month={4},
}

%%%%%%%%%%%Applications

@article{chs_prod,
	title={基于生产线的标签检测与字符识别},
	author={王晨光},
	journal={电子设计工程},
	year={2023},
}
@article{chs_meter,
author={翟晓卉 and 孙凯 and 赵吉福 and 孙艳玲 and 邢宇 and 郭凯旋 and 王海英},
title={基于ResSE-SegNet的智能电表通信模块铭牌检测与识别},
journal={哈尔滨理工大学学报},
year={2023},
volume={28},
number={2},
pages={136-144},
month={4},
}
@article{chs_kusa,
author={穆世义 and 徐树公},
title={基于单字符注意力的全品类鲁棒车牌识别},
journal={自动化学报},
year={2023},
volume={49},
number={1},
pages={122-134},
month={1},
}

@article{chs_stamp,
author={肖进胜 and 赵陶 and 熊闻心 and 杨天 and 姚渭箐}, 
title={角度优化网络的印章文字检测与识别算法}, 
journal={电子与信息学报}, 
year={2021}, 
volume={43}, 
number={11}, 
pages={3327-3334}, 
month={11}, 
}
@article{chs_stamp2,
author={马丽霞 and 朱秋萍}, 
title={图像处理技术在印章识别预处理中的应用}, 
journal={武汉大学学报（信息科学版）}, 
year={2004}, 
volume={29}, 
number={8}, 
pages={691-693}, 
month={1}, 
}
@article{chs_invoice,
author={乔梁 and 李再升 and 程战战 and 李玺},
title={SCID:用于富含视觉信息文档图像中信息提取任务的扫描中文票据数据集},
journal={中国图象图形学报},
year={2023},
volume={28},
number={8},
pages={2298-2313},
month={8},
}
@article{chs_doc,
author={刘成林 and 金连文 and 白翔 and 李晓辉 and 殷飞},
title={文档智能分析与识别前沿:回顾与展望},
journal={中国图象图形学报},
year={2023},
volume={28},
number={8},
pages={2223-2252},
month={8},
}
@article{chs_doc2,
author={刘成林 and 金连文 and 殷绪成 and 白翔 and 连宙辉 and 彭良瑞 and 刘禹良 and 陈秀妍},
title={《中国图象图形学报》文档图像智能处理与识别专栏简介},
journal={中国图象图形学报},
year={2023},
volume={28},
number={8},
pages={2221-2222},
month={8},
}

@article{chs_hist_lenetin2023,
  title={一种基于深度学习的青铜器铭文识别方法},
  author={李文英 and 曹斌 and 曹春水 and 黄永祯},
  journal={自动化学报},
  volume={44},
  number={11},
  pages={2023--2030},
  year={2018},
  publisher={自动化学报}
}

@article{chs_food,
author={田萱 and 王子亚 and 王建新},
title={基于语义分割的食品标签文本检测},
journal={农业机械学报},
year={2020},
volume={51},
number={8},
pages={336-343},
month={8},
}
%%%%%%%%%%%%Preprocess


@inproceedings{ind_roboocr,
	title={Robotic process automation with AI and OCR to improve business process},
	author={Shidaganti, Ganeshayya and Salil, Sreya and Anand, Prarthana and Jadhav, Vaishnavi},
	booktitle={2021 Second International Conference on Electronics and Sustainable Communication Systems (ICESC)},
	pages={1612--1618},
	year={2021},
	organization={IEEE}
}
@article{chs_evolv,
author={张聪},
title={汉语词频的历时演化研究},
school={浙江大学},
year={2017},
type={博士论文},
month={},
}
@article{chs_bias,
author={郝洺 and 徐博 and 殷绪成 and 王方圆},
title={基于n-gram频率的语种识别改进方法},
journal={自动化学报},
year={2018},
volume={44},
number={3},
pages={453-460},
month={1},
}
@inproceedings{pern,
	title        = {Primitive Representation Learning for Scene Text Recognition},
	author       = {Ruijie Yan and Liangrui Peng and Shanyu Xiao and Gang Yao},
	year         = 2021,
	booktitle    = {{IEEE} Conference on Computer Vision and Pattern Recognition, {CVPR} 2021, virtual, June 19-25, 2021},
	publisher    = {Computer Vision Foundation / {IEEE}},
	pages        = {284--293},
	timestamp    = {Mon, 18 Jul 2022 01:00:00 +0200}
}
@inproceedings{parseq,
	title        = {Scene Text Recognition with Permuted Autoregressive Sequence Models},
	author       = {Bautista, Darwin and Atienza, Rowel},
	year         = 2022,
	booktitle    = {Computer Vision - {ECCV} 2022 - 17th European Conference, Tel Aviv, Israel, October 23-27, 2022, Proceedings, Part {XXVIII}},
	publisher    = {Springer},
	series       = {Lecture Notes in Computer Science},
	volume       = 13688,
	pages        = {178--196},
	timestamp    = {Sun, 13 Nov 2022 17:52:06 +0100}
}
@misc{humming,
	title        = {Hamming {OCR:} {A} Locality Sensitive Hashing Neural Network for Scene Text Recognition},
	author       = {Li, Bingcong and Tang, Xin and Qi, Xianbiao and Chen, Yihao and Xiao, Rong},
	year         = 2020,
	journal      = {ArXiv preprint},
	volume       = {abs/2009.10874},
	url          = {https://arxiv.org/abs/2009.10874},
	eprint       = {2009.10874}
}
@article{ASTER,
	title        = {{ASTER:} An Attentional Scene Text Recognizer with Flexible Rectification},
	author       = {Shi, Baoguang and Yang, Mingkun and Wang, Xinggang and Lyu, Pengyuan and Yao, Cong and Bai, Xiang},
	year         = 2019,
	journal      = {{IEEE} Trans. Pattern Anal. Mach. Intell.},
	volume       = 41,
	number       = 9,
	pages        = {2035--2048},
	timestamp    = {Tue, 21 Mar 2023 21:11:07 +0100}
}
@inproceedings{jvsr,
	title        = {Joint Visual Semantic Reasoning: Multi-Stage Decoder for Text Recognition},
	author       = {Ayan Kumar Bhunia and Aneeshan Sain and Amandeep Kumar and Shuvozit Ghose and Pinaki Nath Chowdhury and Yi{-}Zhe Song},
	year         = 2021,
	booktitle    = {2021 {IEEE/CVF} International Conference on Computer Vision, {ICCV} 2021, Montreal, QC, Canada, October 10-17, 2021},
	publisher    = {{IEEE}},
	pages        = {14920--14929},
	timestamp    = {Fri, 11 Mar 2022 00:00:00 +0100}
}
@inproceedings{ABINet,
	title        = {Read Like Humans: Autonomous, Bidirectional and Iterative Language Modeling for Scene Text Recognition},
	author       = {Shancheng Fang and Hongtao Xie and Yuxin Wang and Zhendong Mao and Yongdong Zhang},
	year         = 2021,
	booktitle    = {{IEEE} Conference on Computer Vision and Pattern Recognition, {CVPR} 2021, virtual, June 19-25, 2021},
	publisher    = {Computer Vision Foundation / {IEEE}},
	pages        = {7098--7107},
	timestamp    = {Mon, 18 Jul 2022 01:00:00 +0200}
}
@misc{ssabi,
	title        = {Multimodal Semi-Supervised Learning for Text Recognition},
	author       = {Aberdam, Aviad and Ganz, Roy and Mazor, Shai and Litman, Ron},
	year         = 2022,
	journal      = {ArXiv preprint},
	volume       = {abs/2205.03873},
	url          = {https://arxiv.org/abs/2205.03873},
	eprint       = {2205.03873}
}
@inproceedings{nrtr,
	title        = {{NRTR:} {A} No-Recurrence Sequence-to-Sequence Model for Scene Text Recognition},
	author       = {Sheng, Fenfen and Chen, Zhineng and Xu, Bo},
	year         = 2019,
	booktitle    = {2019 International Conference on Document Analysis and Recognition, {ICDAR} 2019, Sydney, Australia, September 20-25, 2019},
	publisher    = {{IEEE}},
	pages        = {781--786},
	timestamp    = {Tue, 04 Feb 2020 13:28:39 +0100}
}
@inproceedings{DAN,
	title        = {Decoupled Attention Network for Text Recognition},
	author       = {Tianwei Wang and Yuanzhi Zhu and Lianwen Jin and Canjie Luo and Xiaoxue Chen and Yaqiang Wu and Qianying Wang and Mingxiang Cai},
	year         = 2020,
	booktitle    = {The Thirty-Fourth {AAAI} Conference on Artificial Intelligence, {AAAI} 2020, The Thirty-Second Innovative Applications of Artificial Intelligence Conference, {IAAI} 2020, The Tenth {AAAI} Symposium on Educational Advances in Artificial Intelligence, {EAAI} 2020, New York, NY, USA, February 7-12, 2020},
	publisher    = {{AAAI} Press},
	pages        = {12216--12224},
	timestamp    = {Tue, 02 Feb 2021 00:00:00 +0100}
}
@inproceedings{Rosetta,
	title        = {Rosetta: Large Scale System for Text Detection and Recognition in Images},
	author       = {Fedor Borisyuk and Albert Gordo and Viswanath Sivakumar},
	year         = 2018,
	booktitle    = {Proceedings of the 24th {ACM} {SIGKDD} International Conference on Knowledge Discovery Data Mining, {KDD} 2018, London, UK, August 19-23, 2018},
	publisher    = {{ACM}},
	pages        = {71--79},
	timestamp    = {Wed, 21 Nov 2018 00:00:00 +0100}
}
@inproceedings{www,
	title        = {What Is Wrong With Scene Text Recognition Model Comparisons? Dataset and Model Analysis},
	author       = {Jeonghun Baek and Geewook Kim and Junyeop Lee and Sungrae Park and Dongyoon Han and Sangdoo Yun and Seong Joon Oh and Hwalsuk Lee},
	year         = 2019,
	booktitle    = {2019 {IEEE/CVF} International Conference on Computer Vision, {ICCV} 2019, Seoul, Korea (South), October 27 - November 2, 2019},
	publisher    = {{IEEE}},
	pages        = {4714--4722},
	timestamp    = {Thu, 05 Mar 2020 00:00:00 +0100}
}
@inproceedings{cafcn,
	title        = {Scene Text Recognition from Two-Dimensional Perspective},
	author       = {Minghui Liao and Jian Zhang and Zhaoyi Wan and Fengming Xie and Jiajun Liang and Pengyuan Lyu and Cong Yao and Xiang Bai},
	year         = 2019,
	booktitle    = {The Thirty-Third {AAAI} Conference on Artificial Intelligence, {AAAI} 2019, The Thirty-First Innovative Applications of Artificial Intelligence Conference, {IAAI} 2019, The Ninth {AAAI} Symposium on Educational Advances in Artificial Intelligence, {EAAI} 2019, Honolulu, Hawaii, USA, January 27 - February 1, 2019},
	publisher    = {{AAAI} Press},
	pages        = {8714--8721},
	timestamp    = {Wed, 25 Sep 2019 01:00:00 +0200}
}
@inproceedings{seed,
	title        = {{SEED:} Semantics Enhanced Encoder-Decoder Framework for Scene Text Recognition},
	author       = {Zhi Qiao and Yu Zhou and Dongbao Yang and Yucan Zhou and Weiping Wang},
	year         = 2020,
	booktitle    = {2020 {IEEE/CVF} Conference on Computer Vision and Pattern Recognition, {CVPR} 2020, Seattle, WA, USA, June 13-19, 2020},
	publisher    = {{IEEE}},
	pages        = {13525--13534},
	timestamp    = {Wed, 12 Aug 2020 01:00:00 +0200}
}
@inproceedings{SAR,
	title        = {Show, Attend and Read: {A} Simple and Strong Baseline for Irregular Text Recognition},
	author       = {Hui Li and Peng Wang and Chunhua Shen and Guyu Zhang},
	year         = 2019,
	booktitle    = {The Thirty-Third {AAAI} Conference on Artificial Intelligence, {AAAI} 2019, The Thirty-First Innovative Applications of Artificial Intelligence Conference, {IAAI} 2019, The Ninth {AAAI} Symposium on Educational Advances in Artificial Intelligence, {EAAI} 2019, Honolulu, Hawaii, USA, January 27 - February 1, 2019},
	publisher    = {{AAAI} Press},
	pages        = {8610--8617},
	timestamp    = {Wed, 25 Sep 2019 01:00:00 +0200}
}
@inproceedings{ace,
	title        = {Aggregation Cross-Entropy for Sequence Recognition},
	author       = {Zecheng Xie and Yaoxiong Huang and Yuanzhi Zhu and Lianwen Jin and Yuliang Liu and Lele Xie},
	year         = 2019,
	booktitle    = {{IEEE} Conference on Computer Vision and Pattern Recognition, {CVPR} 2019, Long Beach, CA, USA, June 16-20, 2019},
	publisher    = {Computer Vision Foundation / {IEEE}},
	pages        = {6538--6547},
	timestamp    = {Mon, 20 Jan 2020 00:00:00 +0100}
}
@inproceedings{ViT,
	title        = {Vision Transformer for Fast and Efficient Scene Text Recognition},
	author       = {Atienza, Rowel},
	year         = 2021,
	booktitle    = {16th International Conference on Document Analysis and Recognition, {ICDAR} 2021, Lausanne, Switzerland, September 5-10, 2021, Proceedings, Part {I}},
	publisher    = {Springer},
	series       = {Lecture Notes in Computer Science},
	volume       = 12821,
	pages        = {319--334},
	timestamp    = {Thu, 16 Sep 2021 18:08:10 +0200}
}
@article{STN,
	title        = {STNReID: Deep Convolutional Networks With Pairwise Spatial Transformer Networks for Partial Person Re-Identification},
	author       = {Luo, Hao and Jiang, Wei and Fan, Xing and Zhang, Chi},
	year         = 2020,
	journal      = {{IEEE} Trans. Multim.},
	volume       = 22,
	number       = 11,
	pages        = {2905--2913},
	timestamp    = {Tue, 21 Mar 2023 21:07:34 +0100}
}
@article{moran,
	title        = {{MORAN:} {A} Multi-Object Rectified Attention Network for scene text recognition},
	author       = {Luo, Canjie and Jin, Lianwen and Sun, Zenghui},
	year         = 2019,
	journal      = {Pattern Recognit.},
	volume       = 90,
	pages        = {109--118},
	timestamp    = {Mon, 24 Feb 2020 08:30:42 +0100}
}
@inproceedings{scrn,
	title        = {Symmetry-Constrained Rectification Network for Scene Text Recognition},
	author       = {Mingkun Yang and Yushuo Guan and Minghui Liao and Xin He and Kaigui Bian and Song Bai and Cong Yao and Xiang Bai},
	year         = 2019,
	booktitle    = {2019 {IEEE/CVF} International Conference on Computer Vision, {ICCV} 2019, Seoul, Korea (South), October 27 - November 2, 2019},
	publisher    = {{IEEE}},
	pages        = {9146--9155},
	timestamp    = {Thu, 05 Mar 2020 00:00:00 +0100}
}
@article{CRNN,
	title        = {An End-to-End Trainable Neural Network for Image-Based Sequence Recognition and Its Application to Scene Text Recognition},
	author       = {Shi, Baoguang and Bai, Xiang and Yao, Cong},
	year         = 2017,
	journal      = {{IEEE} Trans. Pattern Anal. Mach. Intell.},
	volume       = 39,
	number       = 11,
	pages        = {2298--2304},
	timestamp    = {Wed, 14 Nov 2018 10:51:13 +0100}
}
@inproceedings{from2to1,
	title        = {From Two to One: {A} New Scene Text Recognizer with Visual Language Modeling Network},
	author       = {Yuxin Wang and Hongtao Xie and Shancheng Fang and Jing Wang and Shenggao Zhu and Yongdong Zhang},
	year         = 2021,
	booktitle    = {2021 {IEEE/CVF} International Conference on Computer Vision, {ICCV} 2021, Montreal, QC, Canada, October 10-17, 2021},
	publisher    = {{IEEE}},
	pages        = {14174--14183},
	timestamp    = {Mon, 14 Mar 2022 00:00:00 +0100}
}
@inproceedings{satrn,
	title        = {On Recognizing Texts of Arbitrary Shapes with 2D Self-Attention},
	author       = {Lee, Junyeop and Park, Sungrae and Baek, Jeonghun and Oh, Seong Joon and Kim, Seonghyeon and Lee, Hwalsuk},
	year         = 2020,
	booktitle    = {2020 {IEEE/CVF} Conference on Computer Vision and Pattern Recognition, {CVPR} Workshops 2020, Seattle, WA, USA, June 14-19, 2020},
	publisher    = {Computer Vision Foundation / {IEEE}},
	pages        = {2326--2335},
	timestamp    = {Tue, 31 Aug 2021 14:00:09 +0200}
}
@inproceedings{RARE,
	title        = {Robust Scene Text Recognition with Automatic Rectification},
	author       = {Baoguang Shi and Xinggang Wang and Pengyuan Lyu and Cong Yao and Xiang Bai},
	year         = 2016,
	booktitle    = {2016 {IEEE} Conference on Computer Vision and Pattern Recognition, {CVPR} 2016, Las Vegas, NV, USA, June 27-30, 2016},
	publisher    = {{IEEE} Computer Society},
	pages        = {4168--4176},
	timestamp    = {Fri, 27 Mar 2020 00:00:00 +0100}
}
@inproceedings{star,
	title        = {STAR-Net: {A} SpaTial Attention Residue Network for Scene Text Recognition},
	author       = {Wei Liu and Chaofeng Chen and Kwan{-}Yee K. Wong and Zhizhong Su and Junyu Han},
	year         = 2016,
	booktitle    = {Proceedings of the British Machine Vision Conference 2016, {BMVC} 2016, York, UK, September 19-22, 2016},
	publisher    = {{BMVA} Press},
	timestamp    = {Tue, 11 Feb 2020 00:00:00 +0100}
}
@inproceedings{GRCNN,
	title        = {Gated Recurrent Convolution Neural Network for {OCR}},
	author       = {Jianfeng Wang and Xiaolin Hu},
	year         = 2017,
	booktitle    = {Advances in Neural Information Processing Systems 30: Annual Conference on Neural Information Processing Systems 2017, December 4-9, 2017, Long Beach, CA, {USA}},
	pages        = {335--344},
	timestamp    = {Thu, 21 Jan 2021 00:00:00 +0100}
}
@inproceedings{FAN,
	title        = {Focusing Attention: Towards Accurate Text Recognition in Natural Images},
	author       = {Zhanzhan Cheng and Fan Bai and Yunlu Xu and Gang Zheng and Shiliang Pu and Shuigeng Zhou},
	year         = 2017,
	booktitle    = {{IEEE} International Conference on Computer Vision, {ICCV} 2017, Venice, Italy, October 22-29, 2017},
	publisher    = {{IEEE} Computer Society},
	pages        = {5086--5094},
	timestamp    = {Thu, 11 Jan 2018 00:00:00 +0100}
}
@inproceedings{ESIR,
	title        = {{ESIR:} End-To-End Scene Text Recognition via Iterative Image Rectification},
	author       = {Fangneng Zhan and Shijian Lu},
	year         = 2019,
	booktitle    = {{IEEE} Conference on Computer Vision and Pattern Recognition, {CVPR} 2019, Long Beach, CA, USA, June 16-20, 2019},
	publisher    = {Computer Vision Foundation / {IEEE}},
	pages        = {2059--2068},
	timestamp    = {Mon, 15 Jun 2020 01:00:00 +0200}
}
@inproceedings{aon,
	title        = {{AON:} Towards Arbitrarily-Oriented Text Recognition},
	author       = {Zhanzhan Cheng and Yangliu Xu and Fan Bai and Yi Niu and Shiliang Pu and Shuigeng Zhou},
	year         = 2018,
	booktitle    = {2018 {IEEE} Conference on Computer Vision and Pattern Recognition, {CVPR} 2018, Salt Lake City, UT, USA, June 18-22, 2018},
	publisher    = {{IEEE} Computer Society},
	pages        = {5571--5579},
	timestamp    = {Wed, 06 Feb 2019 00:00:00 +0100}
}
@inproceedings{ts,
	title        = {TextScanner: Reading Characters in Order for Robust Scene Text Recognition},
	author       = {Zhaoyi Wan and Minghang He and Haoran Chen and Xiang Bai and Cong Yao},
	year         = 2020,
	booktitle    = {The Thirty-Fourth {AAAI} Conference on Artificial Intelligence, {AAAI} 2020, The Thirty-Second Innovative Applications of Artificial Intelligence Conference, {IAAI} 2020, The Tenth {AAAI} Symposium on Educational Advances in Artificial Intelligence, {EAAI} 2020, New York, NY, USA, February 7-12, 2020},
	publisher    = {{AAAI} Press},
	pages        = {12120--12127},
	timestamp    = {Tue, 02 Feb 2021 00:00:00 +0100}
}
@article{mts,
	title        = {Mask TextSpotter: An End-to-End Trainable Neural Network for Spotting Text with Arbitrary Shapes},
	author       = {Liao, Minghui and Lyu, Pengyuan and He, Minghang and Yao, Cong and Wu, Wenhao and Bai, Xiang},
	year         = 2021,
	journal      = {{IEEE} Trans. Pattern Anal. Mach. Intell.},
	volume       = 43,
	number       = 2,
	pages        = {532--548},
	timestamp    = {Tue, 01 Jun 2021 15:21:22 +0200}
}
@inproceedings{scatter,
	title        = {{SCATTER:} Selective Context Attentional Scene Text Recognizer},
	author       = {Ron Litman and Oron Anschel and Shahar Tsiper and Roee Litman and Shai Mazor and R. Manmatha},
	year         = 2020,
	booktitle    = {2020 {IEEE/CVF} Conference on Computer Vision and Pattern Recognition, {CVPR} 2020, Seattle, WA, USA, June 13-19, 2020},
	publisher    = {{IEEE}},
	pages        = {11959--11969},
	timestamp    = {Tue, 11 Aug 2020 01:00:00 +0200}
}
@inproceedings{paddle,
	title        = {Towards Accurate Scene Text Recognition With Semantic Reasoning Networks},
	author       = {Deli Yu and Xuan Li and Chengquan Zhang and Tao Liu and Junyu Han and Jingtuo Liu and Errui Ding},
	year         = 2020,
	booktitle    = {2020 {IEEE/CVF} Conference on Computer Vision and Pattern Recognition, {CVPR} 2020, Seattle, WA, USA, June 13-19, 2020},
	publisher    = {{IEEE}},
	pages        = {12110--12119},
	timestamp    = {Tue, 11 Aug 2020 01:00:00 +0200}
}
@inproceedings{stt,
	title        = {Scene Text Telescope: Text-Focused Scene Image Super-Resolution},
	author       = {Jingye Chen and Bin Li and Xiangyang Xue},
	year         = 2021,
	booktitle    = {{IEEE} Conference on Computer Vision and Pattern Recognition, {CVPR} 2021, virtual, June 19-25, 2021},
	publisher    = {Computer Vision Foundation / {IEEE}},
	pages        = {12026--12035},
	timestamp    = {Mon, 18 Jul 2022 01:00:00 +0200}
}
@inproceedings{chen2021scene,
	title={Scene text telescope: Text-focused scene image super-resolution},
	author={Chen, Jingye and Li, Bin and Xue, Xiangyang},
	booktitle={Proceedings of the IEEE/CVF Conference on Computer Vision and Pattern Recognition},
	pages={12026--12035},
	year={2021}
}
@article{ocrsurvey,
	title        = {Text Recognition in the Wild: {A} Survey},
	author       = {Chen, Xiaoxue and Jin, Lianwen and Zhu, Yuanzhi and Luo, Canjie and Wang, Tianwei},
	year         = 2022,
	journal      = {{ACM} Comput. Surv.},
	volume       = 54,
	number       = 2,
	pages        = {42:1--42:35},
	timestamp    = {Wed, 23 Nov 2022 16:16:44 +0100}
}
@inproceedings{trans2,
	title        = {Text Recognition in Images Based on Transformer with Hierarchical Attention},
	author       = {Zhu, Yiwei and Wang, Shilin and Huang, Zheng and Chen, Kai},
	year         = 2019,
	booktitle    = {2019 {IEEE} International Conference on Image Processing, {ICIP} 2019, Taipei, Taiwan, September 22-25, 2019},
	publisher    = {{IEEE}},
	pages        = {1945--1949},
	timestamp    = {Wed, 11 Dec 2019 16:30:23 +0100}
}
@inproceedings{robustscanner,
	title        = {RobustScanner: Dynamically Enhancing Positional Clues for Robust Text Recognition},
	author       = {Yue, Xiaoyu and Kuang, Zhanghui and Lin, Chenhao and Sun, Hongbin and Zhang, Wayne},
	year         = 2020,
	booktitle    = {Computer Vision - {ECCV} 2020 - 16th European Conference, Glasgow, UK, August 23-28, 2020, Proceedings, Part {XIX}},
	publisher    = {Springer},
	series       = {Lecture Notes in Computer Science},
	volume       = 12364,
	pages        = {135--151},
	timestamp    = {Sat, 14 Nov 2020 00:57:06 +0100}
}
@inproceedings{WangK2010,
	title        = {Word Spotting in the Wild},
	author       = {Wang, Kai and Belongie, Serge J.},
	year         = 2010,
	booktitle    = {Computer Vision - {ECCV} 2010, 11th European Conference on Computer Vision, Heraklion, Crete, Greece, September 5-11, 2010, Proceedings, Part {I}},
	publisher    = {Springer},
	series       = {Lecture Notes in Computer Science},
	volume       = 6311,
	pages        = {591--604},
	timestamp    = {Thu, 27 Jul 2023 08:17:29 +0200}
}
@article{Jaderberg2015,
	title        = {Reading Text in the Wild with Convolutional Neural Networks},
	author       = {Jaderberg, Max and Simonyan, Karen and Vedaldi, Andrea and Zisserman, Andrew},
	year         = 2016,
	journal      = {Int. J. Comput. Vis.},
	volume       = 116,
	number       = 1,
	pages        = {1--20},
	timestamp    = {Fri, 13 Mar 2020 10:58:47 +0100}
}
@article{phoc,
	title        = {Word Spotting and Recognition with Embedded Attributes},
	author       = {Almaz{\'{a}}n, Jon and Gordo, Albert and Forn{\'{e}}s, Alicia and Valveny, Ernest},
	year         = 2014,
	journal      = {{IEEE} Trans. Pattern Anal. Mach. Intell.},
	volume       = 36,
	number       = 12,
	pages        = {2552--2566},
	timestamp    = {Thu, 23 Jun 2022 20:00:00 +0200}
}
@inproceedings{icdar13whole,
	title        = {Whole is Greater than Sum of Parts: Recognizing Scene Text Words},
	author       = {Goel, Vibhor and Mishra, Anand and Alahari, Karteek and Jawahar, C. V.},
	year         = 2013,
	booktitle    = {12th International Conference on Document Analysis and Recognition, {ICDAR} 2013, Washington, DC, USA, August 25-28, 2013},
	publisher    = {{IEEE} Computer Society},
	pages        = {398--402},
	timestamp    = {Fri, 24 Mar 2023 00:05:07 +0100}
}
@misc{kosmos,
	title        = {Language Is Not All You Need: Aligning Perception with Language Models},
	author       = {Huang, Shaohan and Dong, Li and Wang, Wenhui and Hao, Yaru and Singhal, Saksham and Ma, Shuming and Lv, Tengchao and Cui, Lei and Mohammed, Owais Khan and Patra, Barun and Liu, Qiang and Aggarwal, Kriti and Chi, Zewen and Bjorck, Johan and Chaudhary, Vishrav and Som, Subhojit and Song, Xia and Wei, Furu},
	year         = 2023,
	journal      = {ArXiv preprint},
	volume       = {abs/2302.14045},
	url          = {http://arxiv.org/abs/2302.14045},
	eprint       = {2302.14045}
}
@article{gpt4vocr,
title={Exploring OCR Capabilities of GPT-4V (ision): A Quantitative and In-depth Evaluation},
author={Shi, Yongxin and Peng, Dezhi and Liao, Wenhui and Lin, Zening and Chen, Xinhong and Liu, Chongyu and Zhang, Yuyi and Jin, Lianwen},
journal={arXiv preprint arXiv:2310.16809},
year={2023}
}

@misc{mllmocr,
	title        = {On the Hidden Mystery of {OCR} in Large Multimodal Models},
	author       = {Liu, Yuliang and Li, Zhang and Li, Hongliang and Yu, Wenwen and Huang, Mingxin and Peng, Dezhi and Liu, Mingyu and Chen, Mingrui and Li, Chunyuan and Jin, Lianwen and Bai, Xiang},
	year         = 2023,
	journal      = {ArXiv preprint},
	volume       = {abs/2305.07895},
	url          = {http://arxiv.org/abs/2305.07895},
	eprint       = {2305.07895}
}
@inproceedings{e2e,
	title        = {Towards End-to-End Text Spotting with Convolutional Recurrent Neural Networks},
	author       = {Hui Li and Peng Wang and Chunhua Shen},
	year         = 2017,
	booktitle    = {{IEEE} International Conference on Computer Vision, {ICCV} 2017, Venice, Italy, October 22-29, 2017},
	publisher    = {{IEEE} Computer Society},
	pages        = {5248--5256},
	timestamp    = {Tue, 14 May 2019 01:00:00 +0200}
}
@inproceedings{spdn,
	title        = {Scene Text Recognition with Single-Point Decoding Network},
	author       = {Chen, Lei and Qin, Haibo and Zhang, Shi{-}Xue and Yang, Chun and Yin, Xu{-}Cheng},
	year         = 2022,
	booktitle    = {Artificial Intelligence - Second {CAAI} International Conference, {CICAI} 2022, Beijing, China, August 27-28, 2022, Revised Selected Papers, Part {I}},
	publisher    = {Springer},
	series       = {Lecture Notes in Computer Science},
	volume       = 13604,
	pages        = {142--153},
	timestamp    = {Sun, 25 Dec 2022 14:02:32 +0100}
}
@misc{2dctc,
	title        = {2D-CTC for Scene Text Recognition},
	author       = {Wan, Zhaoyi and Xie, Fengming and Liu, Yibo and Bai, Xiang and Yao, Cong},
	year         = 2019,
	journal      = {ArXiv preprint},
	volume       = {abs/1907.09705},
	url          = {http://arxiv.org/abs/1907.09705},
	eprint       = {1907.09705}
}
@inproceedings{trocr,
	title        = {TrOCR: Transformer-Based Optical Character Recognition with Pre-trained Models},
	author       = {Li, Minghao and Lv, Tengchao and Chen, Jingye and Cui, Lei and Lu, Yijuan and Flor{\^{e}}ncio, Dinei A. F. and Zhang, Cha and Li, Zhoujun and Wei, Furu},
	year         = 2023,
	booktitle    = {Thirty-Seventh {AAAI} Conference on Artificial Intelligence, {AAAI} 2023, Thirty-Fifth Conference on Innovative Applications of Artificial Intelligence, {IAAI} 2023, Thirteenth Symposium on Educational Advances in Artificial Intelligence, {EAAI} 2023, Washington, DC, USA, February 7-14, 2023},
	publisher    = {{AAAI} Press},
	pages        = {13094--13102},
	timestamp    = {Mon, 04 Sep 2023 16:50:25 +0200}
}
@inproceedings{icdar23wdetfree,
	title={On Text Localization in End-to-End OCR-Free Document Understanding Transformer Without Text Localization Supervision},
	author={Kim, Geewook and Yokoo, Shuhei and Seo, Sukmin and Osanai, Atsuki and Okamoto, Yamato and Baek, Youngmin},
	booktitle={International Conference on Document Analysis and Recognition},
	pages={215--232},
	year={2023},
	organization={Springer}
}
@article{glalt,
	title        = {GLaLT: Global-Local Attention-Augmented Light Transformer for Scene Text Recognition},
	author       = {Zhang, Hui and Luo, Guiyang and Kang, Jian and Huang, Shan and Wang, Xiao and Wang, Fei-Yue},
	year         = 2023,
	journal      = {IEEE Transactions on Neural Networks and Learning Systems},
	publisher    = {IEEE},
	pages        = {1--14}
}
@inproceedings{sgtraaai22,
	title        = {Visual Semantics Allow for Textual Reasoning Better in Scene Text Recognition},
	author       = {Yue He and Chen Chen and Jing Zhang and Juhua Liu and Fengxiang He and Chaoyue Wang and Bo Du},
	year         = 2022,
	booktitle    = {Thirty-Sixth {AAAI} Conference on Artificial Intelligence, {AAAI} 2022, Thirty-Fourth Conference on Innovative Applications of Artificial Intelligence, {IAAI} 2022, The Twelveth Symposium on Educational Advances in Artificial Intelligence, {EAAI} 2022 Virtual Event, February 22 - March 1, 2022},
	publisher    = {{AAAI} Press},
	pages        = {888--896},
	timestamp    = {Wed, 27 Jul 2022 01:00:00 +0200}
}
@inproceedings{ttuiccv21,
	title        = {Towards the Unseen: Iterative Text Recognition by Distilling from Errors},
	author       = {Ayan Kumar Bhunia and Pinaki Nath Chowdhury and Aneeshan Sain and Yi{-}Zhe Song},
	year         = 2021,
	booktitle    = {2021 {IEEE/CVF} International Conference on Computer Vision, {ICCV} 2021, Montreal, QC, Canada, October 10-17, 2021},
	publisher    = {{IEEE}},
	pages        = {14930--14939},
	timestamp    = {Fri, 11 Mar 2022 00:00:00 +0100}
}
@inproceedings{titiccv21,
	title        = {Text is Text, No Matter What: Unifying Text Recognition using Knowledge Distillation},
	author       = {Ayan Kumar Bhunia and Aneeshan Sain and Pinaki Nath Chowdhury and Yi{-}Zhe Song},
	year         = 2021,
	booktitle    = {2021 {IEEE/CVF} International Conference on Computer Vision, {ICCV} 2021, Montreal, QC, Canada, October 10-17, 2021},
	publisher    = {{IEEE}},
	pages        = {963--972},
	timestamp    = {Fri, 11 Mar 2022 00:00:00 +0100}
}
@article{icwpami23,
	title        = {Image-to-Character-to-Word Transformers for Accurate Scene Text Recognition},
	author       = {Xue, Chuhui and Huang, Jiaxing and Zhang, Wenqing and Lu, Shijian and Wang, Changhu and Bai, Song},
	year         = 2023,
	journal      = {{IEEE} Trans. Pattern Anal. Mach. Intell.},
	volume       = 45,
	number       = 11,
	pages        = {12908--12921},
	timestamp    = {Sat, 14 Oct 2023 20:13:19 +0200}
}
@inproceedings{mgpeccv22,
	title        = {Multi-granularity Prediction for Scene Text Recognition},
	author       = {Wang, Peng and Da, Cheng and Yao, Cong},
	year         = 2022,
	booktitle    = {Computer Vision - {ECCV} 2022 - 17th European Conference, Tel Aviv, Israel, October 23-27, 2022, Proceedings, Part {XXVIII}},
	publisher    = {Springer},
	series       = {Lecture Notes in Computer Science},
	volume       = 13688,
	pages        = {339--355},
	timestamp    = {Fri, 21 Oct 2022 19:54:56 +0200}
}
@inproceedings{calibeccv22w,
	title        = {On Calibration of Scene-Text Recognition Models},
	author       = {Slossberg, Ron and Anschel, Oron and Markovitz, Amir and Litman, Ron and Aberdam, Aviad and Tsiper, Shahar and Mazor, Shai and Wu, Jon and Manmatha, R.},
	year         = 2022,
	booktitle    = {Computer Vision - {ECCV} 2022 Workshops - Tel Aviv, Israel, October 23-27, 2022, Proceedings, Part {IV}},
	publisher    = {Springer},
	series       = {Lecture Notes in Computer Science},
	volume       = 13804,
	pages        = {263--279},
	timestamp    = {Mon, 20 Feb 2023 17:49:54 +0100}
}
@inproceedings{sequpswacv23,
	title        = {Seq-UPS: Sequential Uncertainty-aware Pseudo-label Selection for Semi-Supervised Text Recognition},
	author       = {Patel, Gaurav and Allebach, Jan P. and Qiu, Qiang},
	year         = 2023,
	booktitle    = {{IEEE/CVF} Winter Conference on Applications of Computer Vision, {WACV} 2023, Waikoloa, HI, USA, January 2-7, 2023},
	publisher    = {{IEEE}},
	pages        = {6169--6179},
	timestamp    = {Tue, 14 Feb 2023 22:26:55 +0100}
}
@inproceedings{vstbmvc22,
	title        = {Visual-Semantic Transformer for Scene Text Recognition},
	author       = {Liang Diao and Xin Tang and Jun Wang and Rui Fang and Guotong Xie and Weifu Chen},
	year         = 2022,
	booktitle    = {33rd British Machine Vision Conference 2022, {BMVC} 2022, London, UK, November 21-24, 2022},
	publisher    = {{BMVA} Press},
	pages        = 772
}
@inproceedings{leveccv22,
	title        = {Levenshtein {OCR}},
	author       = {Da, Cheng and Wang, Peng and Yao, Cong},
	year         = 2022,
	booktitle    = {Computer Vision - {ECCV} 2022 - 17th European Conference, Tel Aviv, Israel, October 23-27, 2022, Proceedings, Part {XXVIII}},
	publisher    = {Springer},
	series       = {Lecture Notes in Computer Science},
	volume       = 13688,
	pages        = {322--338},
	timestamp    = {Fri, 21 Oct 2022 19:54:56 +0200}
}
@inproceedings{clipter23,
	title        = {CLIPTER: Looking at the Bigger Picture in Scene Text Recognition},
	author       = {Aberdam, Aviad and Bensaid, David and Golts, Alona and Ganz, Roy and Nuriel, Oren and Tichauer, Royee and Mazor, Shai and Litman, Ron},
	year         = 2023,
	month        = {October},
	booktitle    = {Proceedings of the IEEE/CVF International Conference on Computer Vision (ICCV)},
	pages        = {21706--21717}
}
@misc{dvsf21,
	title        = {Decoupling Visual-Semantic Feature Learning for Robust Scene Text Recognition},
	author       = {Cheng, Changxu and Li, Bohan and Zheng, Qi and Wang, Yongpan and Liu, Wenyu},
	year         = 2021,
	journal      = {ArXiv preprint},
	volume       = {abs/2111.12351},
	url          = {https://arxiv.org/abs/2111.12351},
	eprint       = {2111.12351}
}
@inproceedings{sabmvc21,
	title        = {Spatial Aggregation for Scene Text Recognition},
	author       = {Huang, Yi{-}Li and Gu, Chengyu and Wang, Shilin and Huang, Zheng and Chen, Kai},
	year         = 2021,
	booktitle    = {32nd British Machine Vision Conference 2021, {BMVC} 2021, Online, November 22-25, 2021},
	publisher    = {{BMVA} Press},
	pages        = 51,
	timestamp    = {Wed, 22 Jun 2022 16:52:45 +0200}
}
@misc{ftir20,
	title        = {Financial ticket intelligent recognition system based on deep learning},
	author       = {Tian, Fukang and Wu, Haiyu and Xu, Bo},
	year         = 2020,
	journal      = {ArXiv preprint},
	volume       = {abs/2010.15356},
	url          = {https://arxiv.org/abs/2010.15356},
	eprint       = {2010.15356}
}
@article{ftirkbs21,
	title        = {A financial ticket image intelligent recognition system based on deep learning},
	author       = {Zhang, Hanning and Zheng, Qinghua and Dong, Bo and Feng, Boqin},
	year         = 2021,
	journal      = {Knowl. Based Syst.},
	volume       = 222,
	pages        = 106955,
	timestamp    = {Tue, 24 Aug 2021 13:48:11 +0200}
}
@inproceedings{tot23,
	title        = {Do We Train on Test Data? The Impact of Near-Duplicates on License Plate Recognition},
	author       = {Laroca, Rayson and Estevam, Valter and Jr., Alceu S. Britto and Minetto, Rodrigo and Menotti, David},
	year         = 2023,
	booktitle    = {International Joint Conference on Neural Networks, {IJCNN} 2023, Gold Coast, Australia, June 18-23, 2023},
	publisher    = {{IEEE}},
	pages        = {1--8},
	timestamp    = {Sat, 30 Sep 2023 09:48:34 +0200}
}
@inproceedings{taineccv22,
	title        = {TextAdaIN: Paying Attention to Shortcut Learning in Text Recognizers},
	author       = {Nuriel, Oren and Fogel, Sharon and Litman, Ron},
	year         = 2022,
	booktitle    = {Computer Vision - {ECCV} 2022 - 17th European Conference, Tel Aviv, Israel, October 23-27, 2022, Proceedings, Part {XXVIII}},
	publisher    = {Springer},
	series       = {Lecture Notes in Computer Science},
	volume       = 13688,
	pages        = {427--445},
	timestamp    = {Fri, 21 Oct 2022 19:54:56 +0200}
}
@article{cmlqcis22,
	title        = {Scene text recognition via context modeling for low-quality image in logistics industry},
	author       = {Heng, Herui and Li, Peiji and Guan, Tuxin and Yang, Tianyu},
	year         = 2022,
	journal      = {Complex {\&} Intelligent Systems},
	publisher    = {Springer},
	pages        = {1--20}
}
@inproceedings{plugnet,
	title        = {PlugNet: Degradation Aware Scene Text Recognition Supervised by a Pluggable Super-Resolution Unit},
	author       = {Mou, Yongqiang and Tan, Lei and Yang, Hui and Chen, Jingying and Liu, Leyuan and Yan, Rui and Huang, Yaohong},
	year         = 2020,
	booktitle    = {Computer Vision - {ECCV} 2020 - 16th European Conference, Glasgow, UK, August 23-28, 2020, Proceedings, Part {XV}},
	publisher    = {Springer},
	series       = {Lecture Notes in Computer Science},
	volume       = 12360,
	pages        = {158--174},
	timestamp    = {Tue, 17 Nov 2020 16:51:25 +0100}
}
@inproceedings{wsmr,
	title        = {Background-Insensitive Scene Text Recognition with Text Semantic Segmentation},
	author       = {Zhao, Liang and Wu, Zhenyao and Wu, Xinyi and Wilsbacher, Greg and Wang, Song},
	year         = 2022,
	booktitle    = {Computer Vision - {ECCV} 2022 - 17th European Conference, Tel Aviv, Israel, October 23-27, 2022, Proceedings, Part {XXV}},
	publisher    = {Springer},
	series       = {Lecture Notes in Computer Science},
	volume       = 13685,
	pages        = {163--182},
	timestamp    = {Fri, 21 Oct 2022 19:54:56 +0200}
}
@inproceedings{efif,
	title        = {Exploring Font-independent Features for Scene Text Recognition},
	author       = {Yizhi Wang and Zhouhui Lian},
	year         = 2020,
	booktitle    = {{MM} '20: The 28th {ACM} International Conference on Multimedia, Virtual Event / Seattle, WA, USA, October 12-16, 2020},
	pages        = {1900--1920},
	crossref     = {DBLP:conf/mm/2020},
	timestamp    = {Thu, 15 Oct 2020 01:00:00 +0200}
}
@article{boo,
	title        = {Boosting scene character recognition by learning canonical forms of glyphs},
	author       = {Wang, Yizhi and Lian, Zhouhui and Tang, Yingmin and Xiao, Jianguo},
	year         = 2019,
	journal      = {Int. J. Document Anal. Recognit.},
	volume       = 22,
	number       = 3,
	pages        = {209--219},
	timestamp    = {Thu, 13 Aug 2020 12:42:12 +0200}
}
@inproceedings{ssfl,
	title        = {Synthetically Supervised Feature Learning for Scene Text Recognition},
	author       = {Liu, Yang and Wang, Zhaowen and Jin, Hailin and Wassell, Ian J.},
	year         = 2018,
	booktitle    = {Computer Vision - {ECCV} 2018 - 15th European Conference, Munich, Germany, September 8-14, 2018, Proceedings, Part {V}},
	publisher    = {Springer},
	series       = {Lecture Notes in Computer Science},
	volume       = 11209,
	pages        = {449--465},
	timestamp    = {Tue, 14 May 2019 10:00:45 +0200}
}
@inproceedings{layoutlmv3,
	title        = {LayoutLMv3: Pre-training for Document {AI} with Unified Text and Image Masking},
	author       = {Huang, Yupan and Lv, Tengchao and Cui, Lei and Lu, Yutong and Wei, Furu},
	year         = 2022,
	booktitle    = {{MM} '22: The 30th {ACM} International Conference on Multimedia, Lisboa, Portugal, October 10 - 14, 2022},
	publisher    = {{ACM}},
	pages        = {4083--4091},
	timestamp    = {Fri, 14 Oct 2022 14:25:06 +0200}
}
@inproceedings{ATR,
	title        = {Learning to Read Irregular Text with Attention Mechanisms},
	author       = {Xiao Yang and Dafang He and Zihan Zhou and Daniel Kifer and C. Lee Giles},
	year         = 2017,
	booktitle    = {Proceedings of the Twenty-Sixth International Joint Conference on Artificial Intelligence, {IJCAI} 2017, Melbourne, Australia, August 19-25, 2017},
	publisher    = {ijcai.org},
	pages        = {3280--3286},
	timestamp    = {Tue, 24 Nov 2020 00:00:00 +0100}
}
@inproceedings{R2AM,
	title        = {Recursive Recurrent Nets with Attention Modeling for {OCR} in the Wild},
	author       = {Chen{-}Yu Lee and Simon Osindero},
	year         = 2016,
	booktitle    = {2016 {IEEE} Conference on Computer Vision and Pattern Recognition, {CVPR} 2016, Las Vegas, NV, USA, June 27-30, 2016},
	publisher    = {{IEEE} Computer Society},
	pages        = {2231--2239},
	timestamp    = {Thu, 25 May 2017 01:00:00 +0200}
}
@inproceedings{ic23brgr,
  title={Reconstruction of Broken Writing Strokes in Greek Papyri},
  author={Amin, Javaria and Siddiqi, Imran and Moetesum, Momina},
  booktitle={International Conference on Document Analysis and Recognition},
  pages={253--266},
  year={2023},
  organization={Springer}
}
@inproceedings{stain98,
  title={Methodologies for using UW databases for OCR and image-understanding systems},
  author={Phillips, Ihsin T},
  booktitle={Document Recognition V},
  volume={3305},
  pages={112--127},
  year={1998},
  organization={SPIE}
}
@article{hin21bgs,
  title={Separating Chinese character from noisy background using GAN},
  author={Huang, Bin and Lin, Jiaqi and Liu, Jinming and Chen, Jie and Zhang, Jiemin and Hu, Yendo and Chen, Erkang and Yan, Jingwen},
  journal={Wireless Communications and Mobile Computing},
  volume={2021},
  pages={1--13},
  year={2021},
  publisher={Hindawi Limited}
}
@article{access22arab,
  title={A comprehensive review of arabic text summarization},
  author={Elsaid, Asmaa and Mohammed, Ammar and Ibrahim, Lamiaa Fattouh and Sakre, Mohammed M},
  journal={IEEE Access},
  volume={10},
  pages={38012--38030},
  year={2022},
  publisher={IEEE}
}
@article{egypt15,
  title={OCR of handwritten transcriptions of Ancient Egyptian hieroglyphic text},
  author={Nederhof, Mark-Jan and Berti, M},
  journal={Altertumswissenschaften in a Digital Age: Egyptology, Papyrology and beyond, Leipzig},
  year={2015},
  publisher={Citeseer}
}
@inproceedings{eccv22multi,
  title={Multi-granularity prediction for scene text recognition},
  author={Wang, Peng and Da, Cheng and Yao, Cong},
  booktitle={European Conference on Computer Vision},
  pages={339--355},
  year={2022},
  organization={Springer}
}

@article{dg,
	title        = {Generalizing to Unseen Domains: {A} Survey on Domain Generalization},
	author       = {Wang, Jindong and Lan, Cuiling and Liu, Chang and Ouyang, Yidong and Qin, Tao and Lu, Wang and Chen, Yiqiang and Zeng, Wenjun and Yu, Philip S.},
	year         = 2023,
	journal      = {{IEEE} Trans. Knowl. Data Eng.},
	volume       = 35,
	number       = 8,
	pages        = {8052--8072},
	timestamp    = {Fri, 21 Jul 2023 22:26:16 +0200}
}
@article{uda,
	title        = {A Survey of Unsupervised Deep Domain Adaptation},
	author       = {Wilson, Garrett and Cook, Diane J.},
	year         = 2020,
	month        = {jul},
	journal      = {ACM Trans. Intell. Syst. Technol.},
	publisher    = {Association for Computing Machinery},
	address      = {New York, NY, USA},
	volume       = 11,
	number       = 5,
	issn         = {2157-6904},
	issue_date   = {October 2020},
	articleno    = 51,
	numpages     = 46
}
@inproceedings{DSBN,
	title        = {Domain-Specific Batch Normalization for Unsupervised Domain Adaptation},
	author       = {Woong{-}Gi Chang and Tackgeun You and Seonguk Seo and Suha Kwak and Bohyung Han},
	year         = 2019,
	booktitle    = {{IEEE} Conference on Computer Vision and Pattern Recognition, {CVPR} 2019, Long Beach, CA, USA, June 16-20, 2019},
	publisher    = {Computer Vision Foundation / {IEEE}},
	pages        = {7354--7362},
	timestamp    = {Mon, 20 Jan 2020 00:00:00 +0100}
}
@article{LLaVAR,
  author       = {Yanzhe Zhang and
                  Ruiyi Zhang and
                  Jiuxiang Gu and
                  Yufan Zhou and
                  Nedim Lipka and
                  Diyi Yang and
                  Tong Sun},
  title        = {LLaVAR: Enhanced Visual Instruction Tuning for Text-Rich Image Understanding},
  journal      = {CoRR},
  volume       = {abs/2306.17107},
  year         = {2023},
  url          = {https://doi.org/10.48550/arXiv.2306.17107},
  doi          = {10.48550/ARXIV.2306.17107},
  eprinttype    = {arXiv},
  eprint       = {2306.17107},
  timestamp    = {Mon, 03 Jul 2023 12:06:15 +0200},
  biburl       = {https://dblp.org/rec/journals/corr/abs-2306-17107.bib},
  bibsource    = {dblp computer science bibliography, https://dblp.org}
}

@article{QWen-VL,
  author       = {Jinze Bai and
                  Shuai Bai and
                  Shusheng Yang and
                  Shijie Wang and
                  Sinan Tan and
                  Peng Wang and
                  Junyang Lin and
                  Chang Zhou and
                  Jingren Zhou},
  title        = {Qwen-VL: {A} Frontier Large Vision-Language Model with Versatile Abilities},
  journal      = {CoRR},
  volume       = {abs/2308.12966},
  year         = {2023},
  url          = {https://doi.org/10.48550/arXiv.2308.12966},
  doi          = {10.48550/ARXIV.2308.12966},
  eprinttype    = {arXiv},
  eprint       = {2308.12966},
  timestamp    = {Wed, 30 Aug 2023 17:27:54 +0200},
  biburl       = {https://dblp.org/rec/journals/corr/abs-2308-12966.bib},
  bibsource    = {dblp computer science bibliography, https://dblp.org}
}

@inproceedings{UDOP,
  author       = {Zineng Tang and
                  Ziyi Yang and
                  Guoxin Wang and
                  Yuwei Fang and
                  Yang Liu and
                  Chenguang Zhu and
                  Michael Zeng and
                  Cha Zhang and
                  Mohit Bansal},
  title        = {Unifying Vision, Text, and Layout for Universal Document Processing},
  booktitle    = {{IEEE/CVF} Conference on Computer Vision and Pattern Recognition,
                  {CVPR} 2023, Vancouver, BC, Canada, June 17-24, 2023},
  pages        = {19254--19264},
  publisher    = {{IEEE}},
  year         = {2023},
  url          = {https://doi.org/10.1109/CVPR52729.2023.01845},
  doi          = {10.1109/CVPR52729.2023.01845},
  timestamp    = {Tue, 29 Aug 2023 15:44:40 +0200},
  biburl       = {https://dblp.org/rec/conf/cvpr/TangYWFLZ0ZB23.bib},
  bibsource    = {dblp computer science bibliography, https://dblp.org}
}

@article{Unidoc,
  author       = {Hao Feng and
                  Zijian Wang and
                  Jingqun Tang and
                  Jinghui Lu and
                  Wengang Zhou and
                  Houqiang Li and
                  Can Huang},
  title        = {UniDoc: {A} Universal Large Multimodal Model for Simultaneous Text
                  Detection, Recognition, Spotting and Understanding},
  journal      = {CoRR},
  volume       = {abs/2308.11592},
  year         = {2023},
  url          = {https://doi.org/10.48550/arXiv.2308.11592},
  doi          = {10.48550/ARXIV.2308.11592},
  eprinttype    = {arXiv},
  eprint       = {2308.11592},
  timestamp    = {Wed, 30 Aug 2023 17:27:54 +0200},
  biburl       = {https://dblp.org/rec/journals/corr/abs-2308-11592.bib},
  bibsource    = {dblp computer science bibliography, https://dblp.org}
}

@article{Monkey,
  author       = {Zhang Li and
                  Biao Yang and
                  Qiang Liu and
                  Zhiyin Ma and
                  Shuo Zhang and
                  Jingxu Yang and
                  Yabo Sun and
                  Yuliang Liu and
                  Xiang Bai},
  title        = {Monkey: Image Resolution and Text Label Are Important Things for Large
                  Multi-modal Models},
  journal      = {CoRR},
  volume       = {abs/2311.06607},
  year         = {2023},
  url          = {https://doi.org/10.48550/arXiv.2311.06607},
  doi          = {10.48550/ARXIV.2311.06607},
  eprinttype    = {arXiv},
  eprint       = {2311.06607},
  timestamp    = {Wed, 15 Nov 2023 16:23:10 +0100},
  biburl       = {https://dblp.org/rec/journals/corr/abs-2311-06607.bib},
  bibsource    = {dblp computer science bibliography, https://dblp.org}
}

@article{Vicuna,
  author       = {Lianmin Zheng and
                  Wei{-}Lin Chiang and
                  Ying Sheng and
                  Siyuan Zhuang and
                  Zhanghao Wu and
                  Yonghao Zhuang and
                  Zi Lin and
                  Zhuohan Li and
                  Dacheng Li and
                  Eric P. Xing and
                  Hao Zhang and
                  Joseph E. Gonzalez and
                  Ion Stoica},
  title        = {Judging LLM-as-a-judge with MT-Bench and Chatbot Arena},
  journal      = {CoRR},
  volume       = {abs/2306.05685},
  year         = {2023},
  url          = {https://doi.org/10.48550/arXiv.2306.05685},
  doi          = {10.48550/ARXIV.2306.05685},
  eprinttype    = {arXiv},
  eprint       = {2306.05685},
  timestamp    = {Mon, 16 Oct 2023 09:28:19 +0200},
  biburl       = {https://dblp.org/rec/journals/corr/abs-2306-05685.bib},
  bibsource    = {dblp computer science bibliography, https://dblp.org}
}

@inproceedings{protonet,
	title        = {Prototypical Networks for Few-shot Learning},
	author       = {Jake Snell and Kevin Swersky and Richard S. Zemel},
	year         = 2017,
	booktitle    = {Advances in Neural Information Processing Systems 30: Annual Conference on Neural Information Processing Systems 2017, December 4-9, 2017, Long Beach, CA, {USA}},
	pages        = {4077--4087},
	timestamp    = {Thu, 21 Jan 2021 00:00:00 +0100}
}
@inproceedings{matchnet,
	title        = {Matching Networks for One Shot Learning},
	author       = {Oriol Vinyals and Charles Blundell and Tim Lillicrap and Koray Kavukcuoglu and Daan Wierstra},
	year         = 2016,
	booktitle    = {Advances in Neural Information Processing Systems 29: Annual Conference on Neural Information Processing Systems 2016, December 5-10, 2016, Barcelona, Spain},
	pages        = {3630--3638},
	timestamp    = {Thu, 21 Jan 2021 00:00:00 +0100}
}
@inproceedings{nips21ifsl,
	title        = {Interventional Few-Shot Learning},
	author       = {Zhongqi Yue and Hanwang Zhang and Qianru Sun and Xian{-}Sheng Hua},
	year         = 2020,
	booktitle    = {Advances in Neural Information Processing Systems 33: Annual Conference on Neural Information Processing Systems 2020, NeurIPS 2020, December 6-12, 2020, virtual},
	timestamp    = {Tue, 19 Jan 2021 00:00:00 +0100}
}
@inproceedings{bertinetto2016learning,
	title        = {Learning feed-forward one-shot learners},
	author       = {Luca Bertinetto and Jo{\~{a}}o F. Henriques and Jack Valmadre and Philip H. S. Torr and Andrea Vedaldi},
	year         = 2016,
	booktitle    = {Advances in Neural Information Processing Systems 29: Annual Conference on Neural Information Processing Systems 2016, December 5-10, 2016, Barcelona, Spain},
	pages        = {523--531},
	timestamp    = {Thu, 21 Jan 2021 00:00:00 +0100}
}
@article{GZSL,
	title        = {A Review of Generalized Zero-Shot Learning Methods},
	author       = {Pourpanah, Farhad and Abdar, Moloud and Luo, Yuxuan and Zhou, Xinlei and Wang, Ran and Lim, Chee Peng and Wang, Xi{-}Zhao and Wu, Q. M. Jonathan},
	year         = 2023,
	journal      = {{IEEE} Trans. Pattern Anal. Mach. Intell.},
	volume       = 45,
	number       = 4,
	pages        = {4051--4070},
	timestamp    = {Thu, 27 Jul 2023 08:18:25 +0200}
}
@inproceedings{zhang2019integrating,
	title        = {Integrating Semantic Knowledge to Tackle Zero-shot Text Classification},
	author       = {Zhang, Jingqing  and Lertvittayakumjorn, Piyawat  and Guo, Yike},
	year         = 2019,
	booktitle    = {Proceedings of the 2019 Conference of the North {A}merican Chapter of the Association for Computational Linguistics: Human Language Technologies, Volume 1 (Long and Short Papers)},
	publisher    = {Association for Computational Linguistics},
	pages        = {1031--1040}
}
@inproceedings{song2022few,
	title        = {Few-shot Open-set Recognition Using Background as Unknowns},
	author       = {Song, Nan and Zhang, Chi and Lin, Guosheng},
	year         = 2022,
	booktitle    = {{MM} '22: The 30th {ACM} International Conference on Multimedia, Lisboa, Portugal, October 10 - 14, 2022},
	publisher    = {{ACM}},
	pages        = {5970--5979},
	timestamp    = {Thu, 23 Mar 2023 14:04:45 +0100}
}
@inproceedings{cross_attention,
	title        = {Cross Attention Network for Few-shot Classification},
	author       = {Ruibing Hou and Hong Chang and Bingpeng Ma and Shiguang Shan and Xilin Chen},
	year         = 2019,
	booktitle    = {Advances in Neural Information Processing Systems 32: Annual Conference on Neural Information Processing Systems 2019, NeurIPS 2019, December 8-14, 2019, Vancouver, BC, Canada},
	pages        = {4005--4016},
	timestamp    = {Thu, 21 Jan 2021 00:00:00 +0100}
}
@inproceedings{ctm,
	title        = {Finding Task-Relevant Features for Few-Shot Learning by Category Traversal},
	author       = {Hongyang Li and David Eigen and Samuel Dodge and Matthew Zeiler and Xiaogang Wang},
	year         = 2019,
	booktitle    = {{IEEE} Conference on Computer Vision and Pattern Recognition, {CVPR} 2019, Long Beach, CA, USA, June 16-20, 2019},
	publisher    = {Computer Vision Foundation / {IEEE}},
	pages        = {1--10},
	timestamp    = {Mon, 20 Jan 2020 00:00:00 +0100}
}
@inproceedings{dn4,
	title        = {Revisiting Local Descriptor Based Image-To-Class Measure for Few-Shot Learning},
	author       = {Wenbin Li and Lei Wang and Jinglin Xu and Jing Huo and Yang Gao and Jiebo Luo},
	year         = 2019,
	booktitle    = {{IEEE} Conference on Computer Vision and Pattern Recognition, {CVPR} 2019, Long Beach, CA, USA, June 16-20, 2019},
	publisher    = {Computer Vision Foundation / {IEEE}},
	pages        = {7260--7268},
	timestamp    = {Thu, 03 Sep 2020 01:00:00 +0200}
}
@inproceedings{team,
	title        = {Transductive Episodic-Wise Adaptive Metric for Few-Shot Learning},
	author       = {Limeng Qiao and Yemin Shi and Jia Li and Yonghong Tian and Tiejun Huang and Yaowei Wang},
	year         = 2019,
	booktitle    = {2019 {IEEE/CVF} International Conference on Computer Vision, {ICCV} 2019, Seoul, Korea (South), October 27 - November 2, 2019},
	publisher    = {{IEEE}},
	pages        = {3602--3611},
	timestamp    = {Thu, 05 Mar 2020 00:00:00 +0100}
}
@inproceedings{adaptive_subspace,
	title        = {Adaptive Subspaces for Few-Shot Learning},
	author       = {Christian Simon and Piotr Koniusz and Richard Nock and Mehrtash Harandi},
	year         = 2020,
	booktitle    = {2020 {IEEE/CVF} Conference on Computer Vision and Pattern Recognition, {CVPR} 2020, Seattle, WA, USA, June 13-19, 2020},
	publisher    = {{IEEE}},
	pages        = {4135--4144},
	timestamp    = {Tue, 11 Aug 2020 01:00:00 +0200}
}
@inproceedings{feat,
	title        = {Few-Shot Learning via Embedding Adaptation With Set-to-Set Functions},
	author       = {Han{-}Jia Ye and Hexiang Hu and De{-}Chuan Zhan and Fei Sha},
	year         = 2020,
	booktitle    = {2020 {IEEE/CVF} Conference on Computer Vision and Pattern Recognition, {CVPR} 2020, Seattle, WA, USA, June 13-19, 2020},
	publisher    = {{IEEE}},
	pages        = {8805--8814},
	timestamp    = {Tue, 11 Aug 2020 01:00:00 +0200}
}
@inproceedings{trpn,
	title        = {Transductive Relation-Propagation Network for Few-shot Learning},
	author       = {Yuqing Ma and Shihao Bai and Shan An and Wei Liu and Aishan Liu and Xiantong Zhen and Xianglong Liu},
	year         = 2020,
	booktitle    = {Proceedings of the Twenty-Ninth International Joint Conference on Artificial Intelligence, {IJCAI} 2020},
	publisher    = {ijcai.org},
	pages        = {804--810},
	timestamp    = {Mon, 13 Jul 2020 01:00:00 +0200}
}
@inproceedings{eckpn,
	title        = {{ECKPN:} Explicit Class Knowledge Propagation Network for Transductive Few-Shot Learning},
	author       = {Chaofan Chen and Xiaoshan Yang and Changsheng Xu and Xuhui Huang and Zhe Ma},
	year         = 2021,
	booktitle    = {{IEEE} Conference on Computer Vision and Pattern Recognition, {CVPR} 2021, virtual, June 19-25, 2021},
	publisher    = {Computer Vision Foundation / {IEEE}},
	pages        = {6596--6605},
	timestamp    = {Mon, 18 Jul 2022 01:00:00 +0200}
}
@article{castle,
	title        = {Learning Adaptive Classifiers Synthesis for Generalized Few-Shot Learning},
	author       = {Ye, Han{-}Jia and Hu, Hexiang and Zhan, De{-}Chuan},
	year         = 2021,
	journal      = {Int. J. Comput. Vis.},
	volume       = 129,
	number       = 6,
	pages        = {1930--1953},
	timestamp    = {Tue, 15 Jun 2021 17:23:19 +0200}
}
@article{kumar2022zero,
	title        = {Zero-shot learning based cross-lingual sentiment analysis for sanskrit text with insufficient labeled data},
	author       = {Kumar, Puneet and Pathania, Kshitij and Raman, Balasubramanian},
	year         = 2023,
	journal      = {Appl. Intell.},
	volume       = 53,
	number       = 9,
	pages        = {10096--10113},
	timestamp    = {Thu, 15 Jun 2023 21:57:22 +0200}
}
@inproceedings{song2021generalized,
	title        = {Generalized Zero-Shot Text Classification for {ICD} Coding},
	author       = {Congzheng Song and Shanghang Zhang and Najmeh Sadoughi and Pengtao Xie and Eric P. Xing},
	year         = 2020,
	booktitle    = {Proceedings of the Twenty-Ninth International Joint Conference on Artificial Intelligence, {IJCAI} 2020},
	publisher    = {ijcai.org},
	pages        = {4018--4024},
	timestamp    = {Mon, 13 Jul 2020 01:00:00 +0200}
}
@misc{mishra2022learning,
	title        = {Learning Compositional Representations for Effective Low-Shot Generalization},
	author       = {Mishra, Samarth and Zhu, Pengkai and Saligrama, Venkatesh},
	year         = 2022,
	journal      = {ArXiv preprint},
	volume       = {abs/2204.08090},
	url          = {https://arxiv.org/abs/2204.08090},
	eprint       = {2204.08090}
}
@inproceedings{imp,
	title        = {Low-Shot Learning With Imprinted Weights},
	author       = {Hang Qi and Matthew Brown and David G. Lowe},
	year         = 2018,
	booktitle    = {2018 {IEEE} Conference on Computer Vision and Pattern Recognition, {CVPR} 2018, Salt Lake City, UT, USA, June 18-22, 2018},
	publisher    = {{IEEE} Computer Society},
	pages        = {5822--5830},
	timestamp    = {Wed, 01 Apr 2020 01:00:00 +0200}
}
@misc{2009survey,
	title        = {Learning from Very Few Samples: {A} Survey},
	author       = {Lu, Jiang and Gong, Pinghua and Ye, Jieping and Zhang, Changshui},
	year         = 2020,
	journal      = {ArXiv preprint},
	volume       = {abs/2009.02653},
	url          = {https://arxiv.org/abs/2009.02653},
	eprint       = {2009.02653}
}
@inproceedings{forget,
	title        = {Boosting Few-Shot Image Recognition Via Domain Alignment Prototypical Networks},
	author       = {Lu, Jiang and Cao, Zhong and Wu, Kailun and Zhang, Gang and Zhang, Changshui},
	year         = 2018,
	booktitle    = {{IEEE} 30th International Conference on Tools with Artificial Intelligence, {ICTAI} 2018, 5-7 November 2018, Volos, Greece},
	publisher    = {{IEEE}},
	pages        = {260--264},
	timestamp    = {Fri, 24 Mar 2023 00:04:31 +0100}
}
@inproceedings{Dynamic,
	title        = {Dynamic Few-Shot Visual Learning Without Forgetting},
	author       = {Spyros Gidaris and Nikos Komodakis},
	year         = 2018,
	booktitle    = {2018 {IEEE} Conference on Computer Vision and Pattern Recognition, {CVPR} 2018, Salt Lake City, UT, USA, June 18-22, 2018},
	publisher    = {{IEEE} Computer Society},
	pages        = {4367--4375},
	timestamp    = {Wed, 06 Feb 2019 00:00:00 +0100}
}
@inproceedings{A2P,
	title        = {Few-Shot Image Recognition by Predicting Parameters From Activations},
	author       = {Siyuan Qiao and Chenxi Liu and Wei Shen and Alan L. Yuille},
	year         = 2018,
	booktitle    = {2018 {IEEE} Conference on Computer Vision and Pattern Recognition, {CVPR} 2018, Salt Lake City, UT, USA, June 18-22, 2018},
	publisher    = {{IEEE} Computer Society},
	pages        = {7229--7238},
	timestamp    = {Fri, 13 Dec 2019 00:00:00 +0100}
}
@inproceedings{DAE,
	title        = {Generating Classification Weights With {GNN} Denoising Autoencoders for Few-Shot Learning},
	author       = {Spyros Gidaris and Nikos Komodakis},
	year         = 2019,
	booktitle    = {{IEEE} Conference on Computer Vision and Pattern Recognition, {CVPR} 2019, Long Beach, CA, USA, June 16-20, 2019},
	publisher    = {Computer Vision Foundation / {IEEE}},
	pages        = {21--30},
	timestamp    = {Mon, 20 Jan 2020 00:00:00 +0100}
}
@inproceedings{aan,
	title        = {Incremental Few-Shot Learning with Attention Attractor Networks},
	author       = {Mengye Ren and Renjie Liao and Ethan Fetaya and Richard S. Zemel},
	year         = 2019,
	booktitle    = {Advances in Neural Information Processing Systems 32: Annual Conference on Neural Information Processing Systems 2019, NeurIPS 2019, December 8-14, 2019, Vancouver, BC, Canada},
	pages        = {5276--5286},
	timestamp    = {Thu, 21 Jan 2021 00:00:00 +0100}
}
@inproceedings{amd,
	title        = {Adaptive Margin Diversity Regularizer for Handling Data Imbalance in Zero-Shot {SBIR}},
	author       = {Dutta, Titir and Singh, Anurag and Biswas, Soma},
	year         = 2020,
	booktitle    = {Computer Vision - {ECCV} 2020 - 16th European Conference, Glasgow, UK, August 23-28, 2020, Proceedings, Part {V}},
	publisher    = {Springer},
	series       = {Lecture Notes in Computer Science},
	volume       = 12350,
	pages        = {349--364},
	timestamp    = {Thu, 29 Oct 2020 15:36:01 +0100}
}
@article{cpzsl,
	title        = {Convolutional prototype learning for zero-shot recognition},
	author       = {Liu, Zhizhe and Zhang, Xingxing and Zhu, Zhenfeng and Zheng, Shuai and Zhao, Yao and Cheng, Jian},
	year         = 2020,
	journal      = {Image Vis. Comput.},
	volume       = 98,
	pages        = 103924,
	timestamp    = {Thu, 23 Jun 2022 20:02:05 +0200}
}
@inproceedings{dci,
	title        = {Few-Shot Learning via Embedding Adaptation With Set-to-Set Functions},
	author       = {Han{-}Jia Ye and Hexiang Hu and De{-}Chuan Zhan and Fei Sha},
	year         = 2020,
	booktitle    = {2020 {IEEE/CVF} Conference on Computer Vision and Pattern Recognition, {CVPR} 2020, Seattle, WA, USA, June 13-19, 2020},
	publisher    = {{IEEE}},
	pages        = {8805--8814},
	timestamp    = {Tue, 11 Aug 2020 01:00:00 +0200}
}
@inproceedings{sh,
	title        = {Low-Shot Visual Recognition by Shrinking and Hallucinating Features},
	author       = {Bharath Hariharan and Ross B. Girshick},
	year         = 2017,
	booktitle    = {{IEEE} International Conference on Computer Vision, {ICCV} 2017, Venice, Italy, October 22-29, 2017},
	publisher    = {{IEEE} Computer Society},
	pages        = {3037--3046},
	timestamp    = {Thu, 11 Jan 2018 00:00:00 +0100}
}
@inproceedings{hal,
	title        = {Low-Shot Learning From Imaginary Data},
	author       = {Yu{-}Xiong Wang and Ross B. Girshick and Martial Hebert and Bharath Hariharan},
	year         = 2018,
	booktitle    = {2018 {IEEE} Conference on Computer Vision and Pattern Recognition, {CVPR} 2018, Salt Lake City, UT, USA, June 18-22, 2018},
	publisher    = {{IEEE} Computer Society},
	pages        = {7278--7286},
	timestamp    = {Wed, 06 Feb 2019 00:00:00 +0100}
}
@article{uni,
	title        = {A Unified Approach for Conventional Zero-Shot, Generalized Zero-Shot, and Few-Shot Learning},
	author       = {Rahman, Shafin and Khan, Salman Hameed and Porikli, Fatih},
	year         = 2018,
	journal      = {{IEEE} Trans. Image Process.},
	volume       = 27,
	number       = 11,
	pages        = {5652--5667},
	timestamp    = {Sat, 30 May 2020 19:54:59 +0200}
}
@inproceedings{egnn,
	title        = {Edge-Labeling Graph Neural Network for Few-Shot Learning},
	author       = {Jongmin Kim and Taesup Kim and Sungwoong Kim and Chang D. Yoo},
	year         = 2019,
	booktitle    = {{IEEE} Conference on Computer Vision and Pattern Recognition, {CVPR} 2019, Long Beach, CA, USA, June 16-20, 2019},
	publisher    = {Computer Vision Foundation / {IEEE}},
	pages        = {11--20},
	timestamp    = {Mon, 20 Jan 2020 00:00:00 +0100}
}
@article{neko19wcki,
	title        = {Weakly Correlated Knowledge Integration for Few-shot Image Classification},
	author       = {Yang, Chun and Liu, Chang and Yin, Xu{-}Cheng},
	year         = 2022,
	journal      = {Int. J. Autom. Comput.},
	volume       = 19,
	number       = 1,
	pages        = {24--37},
	timestamp    = {Wed, 27 Apr 2022 20:12:08 +0200}
}
@inproceedings{TPN,
	title        = {Learning to Propagate Labels: Transductive Propagation Network for Few-Shot Learning},
	author       = {Yanbin Liu and Juho Lee and Minseop Park and Saehoon Kim and Eunho Yang and Sung Ju Hwang and Yi Yang},
	year         = 2019,
	booktitle    = {7th International Conference on Learning Representations, {ICLR} 2019, New Orleans, LA, USA, May 6-9, 2019},
	publisher    = {OpenReview.net},
	timestamp    = {Thu, 25 Jul 2019 01:00:00 +0200}
}
@inproceedings{stanet,
	title        = {A Dual Attention Network with Semantic Embedding for Few-Shot Learning},
	author       = {Shipeng Yan and Songyang Zhang and Xuming He},
	year         = 2019,
	booktitle    = {The Thirty-Third {AAAI} Conference on Artificial Intelligence, {AAAI} 2019, The Thirty-First Innovative Applications of Artificial Intelligence Conference, {IAAI} 2019, The Ninth {AAAI} Symposium on Educational Advances in Artificial Intelligence, {EAAI} 2019, Honolulu, Hawaii, USA, January 27 - February 1, 2019},
	publisher    = {{AAAI} Press},
	pages        = {9079--9086},
	timestamp    = {Tue, 02 Feb 2021 00:00:00 +0100}
}
@misc{sam,
title={Segment anything},
author={Kirillov, Alexander and Mintun, Eric and Ravi, Nikhila and Mao, Hanzi and Rolland, Chloe and Gustafson, Laura and Xiao, Tete and Whitehead, Spencer and Berg, Alexander C and Lo, Wan-Yen and others},
journal={arXiv preprint arXiv:2304.02643},
year={2023}
}
@inproceedings{zsod,
	title={Zero-shot object detection},
	author={Bansal, Ankan and Sikka, Karan and Sharma, Gaurav and Chellappa, Rama and Divakaran, Ajay},
	booktitle={Proceedings of the European conference on computer vision (ECCV)},
	pages={384--400},
	year={2018}
}
@inproceedings{zsis,
	title        = {Zero-Shot Instance Segmentation},
	author       = {Ye Zheng and Jiahong Wu and Yongqiang Qin and Faen Zhang and Li Cui},
	year         = 2021,
	booktitle    = {{IEEE} Conference on Computer Vision and Pattern Recognition, {CVPR} 2021, virtual, June 19-25, 2021},
	publisher    = {Computer Vision Foundation / {IEEE}},
	pages        = {2593--2602},
	timestamp    = {Mon, 18 Jul 2022 01:00:00 +0200}
}
@inproceedings{closer,
	title        = {A Closer Look at Few-shot Classification},
	author       = {Wei{-}Yu Chen and Yen{-}Cheng Liu and Zsolt Kira and Yu{-}Chiang Frank Wang and Jia{-}Bin Huang},
	year         = 2019,
	booktitle    = {7th International Conference on Learning Representations, {ICLR} 2019, New Orleans, LA, USA, May 6-9, 2019},
	publisher    = {OpenReview.net},
	timestamp    = {Thu, 25 Jul 2019 01:00:00 +0200}
}
@article{gzsl-survey,
	title        = {A Review of Generalized Zero-Shot Learning Methods},
	author       = {Pourpanah, Farhad and Abdar, Moloud and Luo, Yuxuan and Zhou, Xinlei and Wang, Ran and Lim, Chee Peng and Wang, Xi{-}Zhao and Wu, Q. M. Jonathan},
	year         = 2023,
	journal      = {{IEEE} Trans. Pattern Anal. Mach. Intell.},
	volume       = 45,
	number       = 4,
	pages        = {4051--4070},
	timestamp    = {Thu, 27 Jul 2023 08:18:25 +0200}
}
@article{goodbadugly,
	title        = {Zero-Shot Learning - {A} Comprehensive Evaluation of the Good, the Bad and the Ugly},
	author       = {Xian, Yongqin and Lampert, Christoph H. and Schiele, Bernt and Akata, Zeynep},
	year         = 2019,
	journal      = {{IEEE} Trans. Pattern Anal. Mach. Intell.},
	volume       = 41,
	number       = 9,
	pages        = {2251--2265},
	timestamp    = {Sat, 30 Sep 2023 10:23:26 +0200}
}
@inproceedings{relationnet,
	title        = {Learning to Compare: Relation Network for Few-Shot Learning},
	author       = {Flood Sung and Yongxin Yang and Li Zhang and Tao Xiang and Philip H. S. Torr and Timothy M. Hospedales},
	year         = 2018,
	booktitle    = {2018 {IEEE} Conference on Computer Vision and Pattern Recognition, {CVPR} 2018, Salt Lake City, UT, USA, June 18-22, 2018},
	publisher    = {{IEEE} Computer Society},
	pages        = {1199--1208},
	timestamp    = {Thu, 25 Jul 2019 01:00:00 +0200}
}
@inproceedings{embrass,
	title        = {An embarrassingly simple approach to zero-shot learning},
	author       = {Bernardino Romera{-}Paredes and Philip H. S. Torr},
	year         = 2015,
	booktitle    = {Proceedings of the 32nd International Conference on Machine Learning, {ICML} 2015, Lille, France, 6-11 July 2015},
	publisher    = {JMLR.org},
	series       = {{JMLR} Workshop and Conference Proceedings},
	volume       = 37,
	pages        = {2152--2161},
	timestamp    = {Wed, 29 May 2019 01:00:00 +0200}
}
@inproceedings{siamese,
	title        = {Siamese neural networks for one-shot image recognition},
	author       = {Koch, Gregory and Zemel, Richard and Salakhutdinov, Ruslan and others},
	year         = 2015,
	booktitle    = {ICML deep learning workshop},
	volume       = 2,
	number       = 1,
	organization = {Lille}
}
@article{pami13attr,
	title        = {Attribute-Based Classification for Zero-Shot Visual Object Categorization},
	author       = {Lampert, Christoph H. and Nickisch, Hannes and Harmeling, Stefan},
	year         = 2014,
	journal      = {{IEEE} Trans. Pattern Anal. Mach. Intell.},
	volume       = 36,
	number       = 3,
	pages        = {453--465},
	timestamp    = {Wed, 14 Nov 2018 10:51:22 +0100}
}
@inproceedings{acl20zest,
	title        = {{ZEST}: Zero-shot Learning from Text Descriptions using Textual Similarity and Visual Summarization},
	author       = {Paz-Argaman, Tzuf  and Tsarfaty, Reut  and Chechik, Gal  and Atzmon, Yuval},
	year         = 2020,
	booktitle    = {Findings of the Association for Computational Linguistics: EMNLP 2020},
	publisher    = {Association for Computational Linguistics},
	pages        = {569--579}
}
@inproceedings{simpcnap,
	title        = {Enhancing Few-Shot Image Classification with Unlabelled Examples},
	author       = {Bateni, Peyman and Barber, Jarred and van de Meent, Jan{-}Willem and Wood, Frank},
	year         = 2022,
	booktitle    = {{IEEE/CVF} Winter Conference on Applications of Computer Vision, {WACV} 2022, Waikoloa, HI, USA, January 3-8, 2022},
	publisher    = {{IEEE}},
	pages        = {1597--1606},
	timestamp    = {Thu, 17 Feb 2022 14:51:17 +0100}
}
@inproceedings{zero,
	title        = {Multitask Prompted Training Enables Zero-Shot Task Generalization},
	author       = {Victor Sanh and Albert Webson and Colin Raffel and Stephen H. Bach and Lintang Sutawika and Zaid Alyafeai and Antoine Chaffin and Arnaud Stiegler and Arun Raja and Manan Dey and M Saiful Bari and Canwen Xu and Urmish Thakker and Shanya Sharma Sharma and Eliza Szczechla and Taewoon Kim and Gunjan Chhablani and Nihal V. Nayak and Debajyoti Datta and Jonathan Chang and Mike Tian{-}Jian Jiang and Han Wang and Matteo Manica and Sheng Shen and Zheng Xin Yong and Harshit Pandey and Rachel Bawden and Thomas Wang and Trishala Neeraj and Jos Rozen and Abheesht Sharma and Andrea Santilli and Thibault F{\'{e}}vry and Jason Alan Fries and Ryan Teehan and Teven Le Scao and Stella Biderman and Leo Gao and Thomas Wolf and Alexander M. Rush},
	year         = 2022,
	booktitle    = {The Tenth International Conference on Learning Representations, {ICLR} 2022, Virtual Event, April 25-29, 2022},
	publisher    = {OpenReview.net},
	timestamp    = {Tue, 24 Jan 2023 00:00:00 +0100}
}
@article{five,
	title        = {Exploring the Limits of Transfer Learning with a Unified Text-to-Text Transformer},
	author       = {Colin Raffel and Noam Shazeer and Adam Roberts and Katherine Lee and Sharan Narang and Michael Matena and Yanqi Zhou and Wei Li and Peter J. Liu},
	year         = 2020,
	journal      = {J. Mach. Learn. Res.},
	volume       = 21,
	pages        = {140:1--140:67},
	timestamp    = {Fri, 05 Feb 2021 00:00:00 +0100}
}
@inproceedings{mlpdist,
	title        = {Zero-shot Metric Learning},
	author       = {Xinyi Xu and Huanhuan Cao and Yanhua Yang and Erkun Yang and Cheng Deng},
	year         = 2019,
	booktitle    = {Proceedings of the Twenty-Eighth International Joint Conference on Artificial Intelligence, {IJCAI} 2019, Macao, China, August 10-16, 2019},
	publisher    = {ijcai.org},
	pages        = {3996--4002},
	timestamp    = {Tue, 20 Aug 2019 01:00:00 +0200}
}

@inproceedings{xia2021incremental,
	title        = {Incremental Few-shot Text Classification with Multi-round New Classes: Formulation, Dataset and System},
	author       = {Xia, Congying  and Yin, Wenpeng  and Feng, Yihao  and Yu, Philip},
	year         = 2021,
	booktitle    = {Proceedings of the 2021 Conference of the North American Chapter of the Association for Computational Linguistics: Human Language Technologies},
	publisher    = {Association for Computational Linguistics},
	pages        = {1351--1360}
}
@inproceedings{iccv21cda,
	title        = {Context Decoupling Augmentation for Weakly Supervised Semantic Segmentation},
	author       = {Yukun Su and Ruizhou Sun and Guosheng Lin and Qingyao Wu},
	year         = 2021,
	booktitle    = {2021 {IEEE/CVF} International Conference on Computer Vision, {ICCV} 2021, Montreal, QC, Canada, October 10-17, 2021},
	publisher    = {{IEEE}},
	pages        = {6984--6994},
	timestamp    = {Fri, 11 Mar 2022 00:00:00 +0100}
}
@inproceedings{contrast,
	title        = {Dimensionality Reduction by Learning an Invariant Mapping},
	author       = {Hadsell, Raia and Chopra, Sumit and LeCun, Yann},
	year         = 2006,
	booktitle    = {2006 {IEEE} Computer Society Conference on Computer Vision and Pattern Recognition {(CVPR} 2006), 17-22 June 2006, New York, NY, {USA}},
	publisher    = {{IEEE} Computer Society},
	pages        = {1735--1742},
	timestamp    = {Fri, 24 Mar 2023 00:03:00 +0100}
}
@inproceedings{cbclaaai22,
	title        = {Context-Based Contrastive Learning for Scene Text Recognition},
	author       = {Xinyun Zhang and Binwu Zhu and Xufeng Yao and Qi Sun and Ruiyu Li and Bei Yu},
	year         = 2022,
	booktitle    = {Thirty-Sixth {AAAI} Conference on Artificial Intelligence, {AAAI} 2022, Thirty-Fourth Conference on Innovative Applications of Artificial Intelligence, {IAAI} 2022, The Twelveth Symposium on Educational Advances in Artificial Intelligence, {EAAI} 2022 Virtual Event, February 22 - March 1, 2022},
	publisher    = {{AAAI} Press},
	pages        = {3353--3361},
	timestamp    = {Mon, 11 Jul 2022 01:00:00 +0200}
}

@inproceedings{iiit5k,
	title        = {Scene Text Recognition using Higher Order Language Priors},
	author       = {Anand Mishra and Karteek Alahari and C. V. Jawahar},
	year         = 2012,
	booktitle    = {British Machine Vision Conference, {BMVC} 2012, Surrey, UK, September 3-7, 2012},
	publisher    = {{BMVA} Press},
	pages        = {1--11},
	timestamp    = {Sun, 25 Oct 2020 01:00:00 +0200}
}
@article{cute,
	title        = {A robust arbitrary text detection system for natural scene images},
	author       = {Risnumawan, Anhar and Shivakumara, Palaiahnakote and Chan, Chee Seng and Tan, Chew Lim},
	year         = 2014,
	journal      = {Expert Syst. Appl.},
	volume       = 41,
	number       = 18,
	pages        = {8027--8048},
	timestamp    = {Tue, 06 Jun 2017 22:26:25 +0200}
}
@inproceedings{svt,
	title        = {End-to-end scene text recognition},
	author       = {Kai Wang and Boris Babenko and Serge J. Belongie},
	year         = 2011,
	booktitle    = {{IEEE} International Conference on Computer Vision, {ICCV} 2011, Barcelona, Spain, November 6-13, 2011},
	publisher    = {{IEEE} Computer Society},
	pages        = {1457--1464},
	timestamp    = {Wed, 24 May 2017 01:00:00 +0200}
}
@inproceedings{svtp,
	title        = {Recognizing Text with Perspective Distortion in Natural Scenes},
	author       = {Trung Quy Phan and Palaiahnakote Shivakumara and Shangxuan Tian and Chew Lim Tan},
	year         = 2013,
	booktitle    = {{IEEE} International Conference on Computer Vision, {ICCV} 2013, Sydney, Australia, December 1-8, 2013},
	publisher    = {{IEEE} Computer Society},
	pages        = {569--576},
	timestamp    = {Wed, 24 May 2017 01:00:00 +0200}
}
@article{ic03,
	title        = {{ICDAR} 2003 robust reading competitions: entries, results, and future directions},
	author       = {Lucas, Simon M. and Panaretos, Alex and Sosa, Luis and Tang, Anthony and Wong, Shirley and Young, Robert and Ashida, Kazuki and Nagai, Hiroki and Okamoto, Masayuki and Yamamoto, Hiroaki and Miyao, Hidetoshi and Zhu, JunMin and Ou, WuWen and Wolf, Christian and Jolion, Jean{-}Michel and Todoran, Leon and Worring, Marcel and Lin, Xiaofan},
	year         = 2005,
	journal      = {Int. J. Document Anal. Recognit.},
	volume       = 7,
	number       = {2-3},
	pages        = {105--122},
	timestamp    = {Thu, 13 Aug 2020 12:42:16 +0200}
}
@inproceedings{ic15,
	title        = {{ICDAR} 2015 competition on Robust Reading},
	author       = {Karatzas, Dimosthenis and Gomez{-}Bigorda, Lluis and Nicolaou, Anguelos and Ghosh, Suman K. and Bagdanov, Andrew D. and Iwamura, Masakazu and Matas, Jiri and Neumann, Luk{\'{a}}s and Chandrasekhar, Vijay Ramaseshan and Lu, Shijian and Shafait, Faisal and Uchida, Seiichi and Valveny, Ernest},
	year         = 2015,
	booktitle    = {13th International Conference on Document Analysis and Recognition, {ICDAR} 2015, Nancy, France, August 23-26, 2015},
	publisher    = {{IEEE} Computer Society},
	pages        = {1156--1160},
	timestamp    = {Sat, 30 Sep 2023 09:44:45 +0200}
}
@misc{cocot,
	title        = {COCO-Text: Dataset and Benchmark for Text Detection and Recognition in Natural Images},
	author       = {Veit, Andreas and Matera, Tomas and Neumann, Luk{\'{a}}s and Matas, Jiri and Belongie, Serge J.},
	year         = 2016,
	journal      = {ArXiv preprint},
	volume       = {abs/1601.07140},
	url          = {http://arxiv.org/abs/1601.07140},
	eprint       = {1601.07140}
}
@inproceedings{art,
	title        = {{ICDAR2019} Robust Reading Challenge on Arbitrary-Shaped Text - RRC-ArT},
	author       = {Chng, Chee Kheng and Ding, Errui and Liu, Jingtuo and Karatzas, Dimosthenis and Chan, Chee Seng and Jin, Lianwen and Liu, Yuliang and Sun, Yipeng and Ng, Chun Chet and Luo, Canjie and Ni, Zihan and Fang, ChuanMing and Zhang, Shuaitao and Han, Junyu},
	year         = 2019,
	booktitle    = {2019 International Conference on Document Analysis and Recognition, {ICDAR} 2019, Sydney, Australia, September 20-25, 2019},
	publisher    = {{IEEE}},
	pages        = {1571--1576},
	timestamp    = {Tue, 04 Feb 2020 13:28:39 +0100}
}
@inproceedings{MJ,
	title        = {Synthetic Data and Artificial Neural Networks for Natural Scene Text Recognition},
	author       = {Jaderberg, M and Simonyan, K and Vedaldi, A and Zisserman, A},
	year         = 2014,
	booktitle    = {NIPS Deep Learning Workshop},
	organization = {Neural Information Processing Systems}
}
@inproceedings{ST,
	title        = {Synthetic Data for Text Localisation in Natural Images},
	author       = {Ankush Gupta and Andrea Vedaldi and Andrew Zisserman},
	year         = 2016,
	booktitle    = {2016 {IEEE} Conference on Computer Vision and Pattern Recognition, {CVPR} 2016, Las Vegas, NV, USA, June 27-30, 2016},
	publisher    = {{IEEE} Computer Society},
	pages        = {2315--2324},
	timestamp    = {Thu, 25 May 2017 01:00:00 +0200}
}
@inproceedings{ic13,
	title        = {{ICDAR} 2013 Robust Reading Competition},
	author       = {Karatzas, Dimosthenis and Shafait, Faisal and Uchida, Seiichi and Iwamura, Masakazu and i Bigorda, Lluis Gomez and Mestre, Sergi Robles and Mas, Joan and Mota, David Fern{\'{a}}ndez and Almaz{\'{a}}n, Jon and de las Heras, Llu{\'{\i}}s{-}Pere},
	year         = 2013,
	booktitle    = {12th International Conference on Document Analysis and Recognition, {ICDAR} 2013, Washington, DC, USA, August 25-28, 2013},
	publisher    = {{IEEE} Computer Society},
	pages        = {1484--1493},
	timestamp    = {Fri, 24 Mar 2023 00:05:07 +0100}
}
@inproceedings{tianchi,
	title        = {{ICPR2018} Contest on Robust Reading for Multi-Type Web Images},
	author       = {He, Mengchao and Liu, Yuliang and Yang, Zhibo and Zhang, Sheng and Luo, Canjie and Gao, Feiyu and Zheng, Qi and Wang, Yongpan and Zhang, Xin and Jin, Lianwen},
	year         = 2018,
	booktitle    = {24th International Conference on Pattern Recognition, {ICPR} 2018, Beijing, China, August 20-24, 2018},
	publisher    = {{IEEE} Computer Society},
	pages        = {7--12},
	timestamp    = {Fri, 24 Mar 2023 00:03:27 +0100}
}
@inproceedings{HWDB,
	title        = {{CASIA} Online and Offline Chinese Handwriting Databases},
	author       = {Liu, Cheng{-}Lin and Yin, Fei and Wang, Da{-}Han and Wang, Qiu{-}Feng},
	year         = 2011,
	booktitle    = {2011 International Conference on Document Analysis and Recognition, {ICDAR} 2011, Beijing, China, September 18-21, 2011},
	publisher    = {{IEEE} Computer Society},
	pages        = {37--41},
	timestamp    = {Fri, 24 Mar 2023 00:05:06 +0100}
}
@inproceedings{rects,
	title        = {{ICDAR} 2019 Robust Reading Challenge on Reading Chinese Text on Signboard},
	author       = {Zhang, Rui and Yang, Mingkun and Bai, Xiang and Shi, Baoguang and Karatzas, Dimosthenis and Lu, Shijian and Jawahar, C. V. and Zhou, Yongsheng and Jiang, Qianyi and Song, Qi and Li, Nan and Zhou, Kai and Wang, Lei and Wang, Dong and Liao, Minghui},
	year         = 2019,
	booktitle    = {2019 International Conference on Document Analysis and Recognition, {ICDAR} 2019, Sydney, Australia, September 20-25, 2019},
	publisher    = {{IEEE}},
	pages        = {1577--1581},
	timestamp    = {Thu, 30 Sep 2021 15:01:33 +0200}
}
@inproceedings{lsvt,
	title        = {{ICDAR} 2019 Competition on Large-Scale Street View Text with Partial Labeling - {RRC-LSVT}},
	author       = {Sun, Yipeng and Karatzas, Dimosthenis and Chan, Chee Seng and Jin, Lianwen and Ni, Zihan and Chng, Chee Kheng and Liu, Yuliang and Luo, Canjie and Ng, Chun Chet and Han, Junyu and Ding, Errui and Liu, Jingtuo},
	year         = 2019,
	booktitle    = {2019 International Conference on Document Analysis and Recognition, {ICDAR} 2019, Sydney, Australia, September 20-25, 2019},
	publisher    = {{IEEE}},
	pages        = {1557--1562},
	timestamp    = {Tue, 04 Feb 2020 13:28:39 +0100}
}
@inproceedings{rctw,
	title        = {{ICDAR2017} Competition on Reading Chinese Text in the Wild {(RCTW-17)}},
	author       = {Shi, Baoguang and Yao, Cong and Liao, Minghui and Yang, Mingkun and Xu, Pei and Cui, Linyan and Belongie, Serge J. and Lu, Shijian and Bai, Xiang},
	year         = 2017,
	booktitle    = {14th {IAPR} International Conference on Document Analysis and Recognition, {ICDAR} 2017, Kyoto, Japan, November 9-15, 2017},
	publisher    = {{IEEE}},
	pages        = {1429--1434},
	timestamp    = {Fri, 24 Mar 2023 00:05:08 +0100}
}
@misc{scut,
	title        = {Detecting Curve Text in the Wild: New Dataset and New Solution},
	author       = {Liu, Yuliang and Jin, Lianwen and Zhang, Shuaitao and Zhang, Sheng},
	year         = 2017,
	journal      = {ArXiv preprint},
	volume       = {abs/1712.02170},
	url          = {http://arxiv.org/abs/1712.02170},
	eprint       = {1712.02170}
}
@article{ctw,
	title        = {A Large Chinese Text Dataset in the Wild},
	author       = {Yuan, Tai{-}Ling and Zhu, Zhe and Xu, Kun and Li, Cheng{-}Jun and Mu, Tai{-}Jiang and Hu, Shi{-}Min},
	year         = 2019,
	journal      = {J. Comput. Sci. Technol.},
	volume       = 34,
	number       = 3,
	pages        = {509--521},
	timestamp    = {Mon, 28 Aug 2023 21:39:47 +0200}
}
@article{SIW13,
	title        = {Script identification in the wild via discriminative convolutional neural network},
	author       = {Shi, Baoguang and Bai, Xiang and Yao, Cong},
	year         = 2016,
	journal      = {Pattern Recognit.},
	volume       = 52,
	pages        = {448--458},
	timestamp    = {Mon, 24 Feb 2020 08:28:52 +0100}
}
@inproceedings{mlt19,
	title        = {{ICDAR2019} Robust Reading Challenge on Multi-lingual Scene Text Detection and Recognition - {RRC-MLT-2019}},
	author       = {Nayef, Nibal and Liu, Cheng{-}Lin and Ogier, Jean{-}Marc and Patel, Yash and Busta, Michal and Chowdhury, Pinaki Nath and Karatzas, Dimosthenis and Khlif, Wafa and Matas, Jiri and Pal, Umapada and Burie, Jean{-}Christophe},
	year         = 2019,
	booktitle    = {2019 International Conference on Document Analysis and Recognition, {ICDAR} 2019, Sydney, Australia, September 20-25, 2019},
	publisher    = {{IEEE}},
	pages        = {1582--1587},
	timestamp    = {Tue, 21 Mar 2023 20:51:28 +0100}
}
@misc{fudanvi,
	title        = {Benchmarking Chinese Text Recognition: Datasets, Baselines, and an Empirical Study},
	author       = {Chen, Jingye and Yu, Haiyang and Ma, Jianqi and Guan, Mengnan and Xu, Xixi and Wang, Xiaocong and Qu, Shaobo and Li, Bin and Xue, Xiangyang},
	year         = 2021,
	journal      = {ArXiv preprint},
	volume       = {abs/2112.15093},
	url          = {https://arxiv.org/abs/2112.15093},
	eprint       = {2112.15093}
}
@inproceedings{ic13hw,
  title={ICDAR 2013 Chinese handwriting recognition competition},
author={Yin, Fei and Wang, Qiu-Feng and Zhang, Xu-Yao and Liu, Cheng-Lin},
booktitle={2013 12th international conference on document analysis and recognition},
pages={1464--1470},
year={2013},
organization={IEEE}
}

@inproceedings{oovchallenge,
	title        = {Out-of-Vocabulary Challenge Report},
	author       = {Garcia{-}Bordils, Sergi and Mafla, Andr{\'{e}}s and Biten, Ali Furkan and Nuriel, Oren and Aberdam, Aviad and Mazor, Shai and Litman, Ron and Karatzas, Dimosthenis},
	year         = 2022,
	booktitle    = {Computer Vision - {ECCV} 2022 Workshops - Tel Aviv, Israel, October 23-27, 2022, Proceedings, Part {IV}},
	publisher    = {Springer},
	series       = {Lecture Notes in Computer Science},
	volume       = 13804,
	pages        = {359--375},
	timestamp    = {Mon, 20 Feb 2023 17:49:54 +0100}
}
@inproceedings{tvr,
	title        = {On Vocabulary Reliance in Scene Text Recognition},
	author       = {Zhaoyi Wan and Jielei Zhang and Liang Zhang and Jiebo Luo and Cong Yao},
	year         = 2020,
	booktitle    = {2020 {IEEE/CVF} Conference on Computer Vision and Pattern Recognition, {CVPR} 2020, Seattle, WA, USA, June 13-19, 2020},
	publisher    = {{IEEE}},
	pages        = {11422--11431},
	timestamp    = {Tue, 11 Aug 2020 01:00:00 +0200}
}
@misc{vladmd,
	title        = {Vision-Language Adaptive Mutual Decoder for {OOV-STR}},
	author       = {Hu, Jinshui and Liu, Chenyu and Yan, Qiandong and Zhu, Xuyang and Yu, Fengli and Wu, Jiajia and Yin, Bing},
	year         = 2022,
	journal      = {ArXiv preprint},
	volume       = {abs/2209.00859},
	url          = {https://arxiv.org/abs/2209.00859},
	eprint       = {2209.00859}
}

@inproceedings{cvpr23celo,
	title        = {Cascade Evidential Learning for Open-world Weakly-supervised Temporal Action Localization},
	author       = {Chen, Mengyuan and Gao, Junyu and Xu, Changsheng},
	year         = 2023,
	booktitle    = {{IEEE/CVF} Conference on Computer Vision and Pattern Recognition, {CVPR} 2023, Vancouver, BC, Canada, June 17-24, 2023},
	publisher    = {{IEEE}},
	pages        = {14741--14750},
	timestamp    = {Thu, 28 Sep 2023 12:51:53 +0200}
}
@inproceedings{cvpr23cat,
	title        = {{CAT:} LoCalization and IdentificAtion Cascade Detection Transformer for Open-World Object Detection},
	author       = {Ma, Shuailei and Wang, Yuefeng and Wei, Ying and Fan, Jiaqi and Li, Thomas H. and Liu, Hongli and Lv, Fanbing},
	year         = 2023,
	booktitle    = {{IEEE/CVF} Conference on Computer Vision and Pattern Recognition, {CVPR} 2023, Vancouver, BC, Canada, June 17-24, 2023},
	publisher    = {{IEEE}},
	pages        = {19681--19690},
	timestamp    = {Tue, 29 Aug 2023 15:44:40 +0200}
}
@inproceedings{cvpr22simt,
	title        = {SimT: Handling Open-set Noise for Domain Adaptive Semantic Segmentation},
	author       = {Xiaoqing Guo and Jie Liu and Tongliang Liu and Yixuan Yuan},
	year         = 2022,
	booktitle    = {{IEEE/CVF} Conference on Computer Vision and Pattern Recognition, {CVPR} 2022, New Orleans, LA, USA, June 18-24, 2022},
	publisher    = {{IEEE}},
	pages        = {7022--7031},
	timestamp    = {Tue, 21 Mar 2023 00:00:00 +0100}
}
@inproceedings{osb16,
	title        = {Breaking the Closed World Assumption in Text Classification},
	author       = {Fei, Geli  and Liu, Bing},
	year         = 2016,
	booktitle    = {Proceedings of the 2016 Conference of the North {A}merican Chapter of the Association for Computational Linguistics: Human Language Technologies},
	publisher    = {Association for Computational Linguistics},
	pages        = {506--514}
}
@article{tosr,
	title        = {Toward Open Set Recognition},
	author       = {Scheirer, Walter J. and de Rezende Rocha, Anderson and Sapkota, Archana and Boult, Terrance E.},
	year         = 2013,
	journal      = {{IEEE} Trans. Pattern Anal. Mach. Intell.},
	volume       = 35,
	number       = 7,
	pages        = {1757--1772},
	timestamp    = {Wed, 14 Nov 2018 10:51:25 +0100}
}
@inproceedings{gomax,
	title        = {Generative OpenMax for Multi-Class Open Set Classification},
	author       = {Zongyuan Ge and Sergey Demyanov and Rahil Garnavi},
	year         = 2017,
	booktitle    = {British Machine Vision Conference 2017, {BMVC} 2017, London, UK, September 4-7, 2017},
	publisher    = {{BMVA} Press},
	timestamp    = {Thu, 13 Sep 2018 01:00:00 +0200}
}
@inproceedings{gomax2,
	title        = {Open Set Learning with Counterfactual Images},
	author       = {Neal, Lawrence and Olson, Matthew L. and Fern, Xiaoli Z. and Wong, Weng{-}Keen and Li, Fuxin},
	year         = 2018,
	booktitle    = {Computer Vision - {ECCV} 2018 - 15th European Conference, Munich, Germany, September 8-14, 2018, Proceedings, Part {VI}},
	publisher    = {Springer},
	series       = {Lecture Notes in Computer Science},
	volume       = 11210,
	pages        = {620--635},
	timestamp    = {Wed, 02 Oct 2019 12:02:47 +0200}
}
@article{osr-survey,
	title        = {Recent Advances in Open Set Recognition: {A} Survey},
	author       = {Geng, Chuanxing and Huang, Sheng{-}Jun and Chen, Songcan},
	year         = 2021,
	journal      = {{IEEE} Trans. Pattern Anal. Mach. Intell.},
	volume       = 43,
	number       = 10,
	pages        = {3614--3631},
	timestamp    = {Wed, 16 Mar 2022 23:55:00 +0100}
}
@inproceedings{osb21,
	title        = {Deep Open Intent Classification with Adaptive Decision Boundary},
	author       = {Hanlei Zhang and Hua Xu and Ting{-}En Lin},
	year         = 2021,
	booktitle    = {Thirty-Fifth {AAAI} Conference on Artificial Intelligence, {AAAI} 2021, Thirty-Third Conference on Innovative Applications of Artificial Intelligence, {IAAI} 2021, The Eleventh Symposium on Educational Advances in Artificial Intelligence, {EAAI} 2021, Virtual Event, February 2-9, 2021},
	publisher    = {{AAAI} Press},
	pages        = {14374--14382},
	timestamp    = {Mon, 07 Jun 2021 01:00:00 +0200}
}
@inproceedings{cvpr22otal,
	title        = {OpenTAL: Towards Open Set Temporal Action Localization},
	author       = {Wentao Bao and Qi Yu and Yu Kong},
	year         = 2022,
	booktitle    = {{IEEE/CVF} Conference on Computer Vision and Pattern Recognition, {CVPR} 2022, New Orleans, LA, USA, June 18-24, 2022},
	publisher    = {{IEEE}},
	pages        = {2969--2979},
	timestamp    = {Tue, 21 Mar 2023 00:00:00 +0100}
}
@inproceedings{cvpr22aloa,
	title        = {Active Learning for Open-set Annotation},
	author       = {Ning, Kun{-}Peng and Zhao, Xun and Li, Yu and Huang, Sheng{-}Jun},
	year         = 2022,
	booktitle    = {{IEEE/CVF} Conference on Computer Vision and Pattern Recognition, {CVPR} 2022, New Orleans, LA, USA, June 18-24, 2022},
	publisher    = {{IEEE}},
	pages        = {41--49},
	timestamp    = {Wed, 07 Dec 2022 23:06:27 +0100}
}
@inproceedings{cvpr22cgbs,
	title        = {Catching Both Gray and Black Swans: Open-set Supervised Anomaly Detection},
	author       = {Choubo Ding and Guansong Pang and Chunhua Shen},
	year         = 2022,
	booktitle    = {{IEEE/CVF} Conference on Computer Vision and Pattern Recognition, {CVPR} 2022, New Orleans, LA, USA, June 18-24, 2022},
	publisher    = {{IEEE}},
	pages        = {7378--7388},
	timestamp    = {Wed, 05 Oct 2022 01:00:00 +0200}
}
@inproceedings{cvpr22eld,
	title        = {Expanding Low-Density Latent Regions for Open-Set Object Detection},
	author       = {Jiaming Han and Yuqiang Ren and Jian Ding and Xingjia Pan and Ke Yan and Gui{-}Song Xia},
	year         = 2022,
	booktitle    = {{IEEE/CVF} Conference on Computer Vision and Pattern Recognition, {CVPR} 2022, New Orleans, LA, USA, June 18-24, 2022},
	publisher    = {{IEEE}},
	pages        = {9581--9590},
	timestamp    = {Tue, 21 Mar 2023 00:00:00 +0100}
}
@inproceedings{cvpr22tane,
	title        = {Task-Adaptive Negative Envision for Few-Shot Open-Set Recognition},
	author       = {Shiyuan Huang and Jiawei Ma and Guangxing Han and Shih{-}Fu Chang},
	year         = 2022,
	booktitle    = {{IEEE/CVF} Conference on Computer Vision and Pattern Recognition, {CVPR} 2022, New Orleans, LA, USA, June 18-24, 2022},
	publisher    = {{IEEE}},
	pages        = {7161--7170},
	timestamp    = {Wed, 05 Oct 2022 01:00:00 +0200}
}
@inproceedings{cvpr22owdetr,
	title        = {{OW-DETR:} Open-world Detection Transformer},
	author       = {Akshita Gupta and Sanath Narayan and K. J. Joseph and Salman Khan and Fahad Shahbaz Khan and Mubarak Shah},
	year         = 2022,
	booktitle    = {{IEEE/CVF} Conference on Computer Vision and Pattern Recognition, {CVPR} 2022, New Orleans, LA, USA, June 18-24, 2022},
	publisher    = {{IEEE}},
	pages        = {9225--9234},
	timestamp    = {Wed, 05 Oct 2022 01:00:00 +0200}
}
@inproceedings{cvpr22ooci,
	title        = {Open-Domain, Content-based, Multi-modal Fact-checking of Out-of-Context Images via Online Resources},
	author       = {Sahar Abdelnabi and Rakibul Hasan and Mario Fritz},
	year         = 2022,
	booktitle    = {{IEEE/CVF} Conference on Computer Vision and Pattern Recognition, {CVPR} 2022, New Orleans, LA, USA, June 18-24, 2022},
	publisher    = {{IEEE}},
	pages        = {14920--14929},
	timestamp    = {Wed, 05 Oct 2022 01:00:00 +0200}
}
@inproceedings{cvpr22lpovo,
	title        = {Learning to Prompt for Open-Vocabulary Object Detection with Vision-Language Model},
	author       = {Yu Du and Fangyun Wei and Zihe Zhang and Miaojing Shi and Yue Gao and Guoqi Li},
	year         = 2022,
	booktitle    = {{IEEE/CVF} Conference on Computer Vision and Pattern Recognition, {CVPR} 2022, New Orleans, LA, USA, June 18-24, 2022},
	publisher    = {{IEEE}},
	pages        = {14064--14073},
	timestamp    = {Wed, 05 Oct 2022 01:00:00 +0200}
}
@inproceedings{cvpr22ovosd,
	title        = {Open-Vocabulary One-Stage Detection with Hierarchical Visual-Language Knowledge Distillation},
	author       = {Ma, Zongyang and Luo, Guan and Gao, Jin and Li, Liang and Chen, Yuxin and Wang, Shaoru and Zhang, Congxuan and Hu, Weiming},
	year         = 2022,
	booktitle    = {{IEEE/CVF} Conference on Computer Vision and Pattern Recognition, {CVPR} 2022, New Orleans, LA, USA, June 18-24, 2022},
	publisher    = {{IEEE}},
	pages        = {14054--14063},
	timestamp    = {Wed, 05 Oct 2022 16:31:19 +0200}
}
@inproceedings{cvpr22oowt,
	title        = {Opening up Open World Tracking},
	author       = {Liu, Yang and Zulfikar, Idil Esen and Luiten, Jonathon and Dave, Achal and Ramanan, Deva and Leibe, Bastian and Osep, Aljosa and Leal{-}Taix{\'{e}}, Laura},
	year         = 2022,
	booktitle    = {{IEEE/CVF} Conference on Computer Vision and Pattern Recognition, {CVPR} 2022, New Orleans, LA, USA, June 18-24, 2022},
	publisher    = {{IEEE}},
	pages        = {19023--19033},
	timestamp    = {Sat, 30 Sep 2023 09:38:17 +0200}
}
@inproceedings{cvpr22ubnormal,
	title        = {UBnormal: New Benchmark for Supervised Open-Set Video Anomaly Detection},
	author       = {Andra Acsintoae and Andrei Florescu and Mariana{-}Iuliana Georgescu and Tudor Mare and Paul Sumedrea and Radu Tudor Ionescu and Fahad Shahbaz Khan and Mubarak Shah},
	year         = 2022,
	booktitle    = {{IEEE/CVF} Conference on Computer Vision and Pattern Recognition, {CVPR} 2022, New Orleans, LA, USA, June 18-24, 2022},
	publisher    = {{IEEE}},
	pages        = {20111--20121},
	timestamp    = {Wed, 05 Oct 2022 01:00:00 +0200}
}
@inproceedings{cvpr22ossgan,
	title        = {{OSSGAN:} Open-Set Semi-Supervised Image Generation},
	author       = {Kai Katsumata and Duc Minh Vo and Hideki Nakayama},
	year         = 2022,
	booktitle    = {{IEEE/CVF} Conference on Computer Vision and Pattern Recognition, {CVPR} 2022, New Orleans, LA, USA, June 18-24, 2022},
	publisher    = {{IEEE}},
	pages        = {11175--11183},
	timestamp    = {Wed, 05 Oct 2022 01:00:00 +0200}
}
@inproceedings{cvpr22sped,
	title        = {SpaceEdit: Learning a Unified Editing Space for Open-Domain Image Color Editing},
	author       = {Jing Shi and Ning Xu and Haitian Zheng and Alex Smith and Jiebo Luo and Chenliang Xu},
	year         = 2022,
	booktitle    = {{IEEE/CVF} Conference on Computer Vision and Pattern Recognition, {CVPR} 2022, New Orleans, LA, USA, June 18-24, 2022},
	publisher    = {{IEEE}},
	pages        = {19698--19707},
	timestamp    = {Sun, 26 Mar 2023 00:00:00 +0100}
}
@inproceedings{cvpr22pclip,
	title        = {ProposalCLIP: Unsupervised Open-Category Object Proposal Generation via Exploiting {CLIP} Cues},
	author       = {Shi, Hengcan and Hayat, Munawar and Wu, Yicheng and Cai, Jianfei},
	year         = 2022,
	booktitle    = {{IEEE/CVF} Conference on Computer Vision and Pattern Recognition, {CVPR} 2022, New Orleans, LA, USA, June 18-24, 2022},
	publisher    = {{IEEE}},
	pages        = {9601--9610},
	timestamp    = {Wed, 07 Dec 2022 23:06:26 +0100}
}
@inproceedings{cvpr21lp,
	title        = {Learning Placeholders for Open-Set Recognition},
	author       = {Da{-}Wei Zhou and Han{-}Jia Ye and De{-}Chuan Zhan},
	year         = 2021,
	booktitle    = {{IEEE} Conference on Computer Vision and Pattern Recognition, {CVPR} 2021, virtual, June 19-25, 2021},
	publisher    = {Computer Vision Foundation / {IEEE}},
	pages        = {4401--4410},
	timestamp    = {Mon, 18 Jul 2022 01:00:00 +0200}
}
@inproceedings{cvpr21ore,
	title        = {Towards Open World Object Detection},
	author       = {K. J. Joseph and Salman H. Khan and Fahad Shahbaz Khan and Vineeth N. Balasubramanian},
	year         = 2021,
	booktitle    = {{IEEE} Conference on Computer Vision and Pattern Recognition, {CVPR} 2021, virtual, June 19-25, 2021},
	publisher    = {Computer Vision Foundation / {IEEE}},
	pages        = {5830--5840},
	timestamp    = {Mon, 18 Jul 2022 01:00:00 +0200}
}
@article{Fu2020VocabularyInformedZA,
	title        = {Vocabulary-Informed Zero-Shot and Open-Set Learning},
	author       = {Fu, Yanwei and Wang, Xiaomei and Dong, Hanze and Jiang, Yu{-}Gang and Wang, Meng and Xue, Xiangyang and Sigal, Leonid},
	year         = 2020,
	journal      = {{IEEE} Trans. Pattern Anal. Mach. Intell.},
	volume       = 42,
	number       = 12,
	pages        = {3136--3152},
	timestamp    = {Sun, 25 Jul 2021 11:43:35 +0200}
}
@inproceedings{doan2017overcoming,
	title        = {Overcoming the challenge for text classification in the open world},
	author       = {Doan, Tri and Kalita, Jugal},
	year         = 2017,
	booktitle    = {{IEEE} 7th Annual Computing and Communication Workshop and Conference, {CCWC} 2017, Las Vegas, NV, USA, January 9-11, 2017},
	publisher    = {{IEEE}},
	pages        = {1--7},
	timestamp    = {Sun, 08 Aug 2021 01:40:48 +0200}
}
@inproceedings{shu2017doc,
	title        = {{DOC}: Deep Open Classification of Text Documents},
	author       = {Shu, Lei  and Xu, Hu  and Liu, Bing},
	year         = 2017,
	booktitle    = {Proceedings of the 2017 Conference on Empirical Methods in Natural Language Processing},
	publisher    = {Association for Computational Linguistics},
	pages        = {2911--2916}
}
@inproceedings{cvpr23orce,
	title        = {Open-Set Representation Learning through Combinatorial Embedding},
	author       = {Kim, Geeho and Kang, Junoh and Han, Bohyung},
	year         = 2023,
	booktitle    = {{IEEE/CVF} Conference on Computer Vision and Pattern Recognition, {CVPR} 2023, Vancouver, BC, Canada, June 17-24, 2023},
	publisher    = {{IEEE}},
	pages        = {19744--19753},
	timestamp    = {Tue, 29 Aug 2023 15:44:40 +0200}
}
@inproceedings{cvpr23capd,
	title        = {CapDet: Unifying Dense Captioning and Open-World Detection Pretraining},
	author       = {Long, Yanxin and Wen, Youpeng and Han, Jianhua and Xu, Hang and Ren, Pengzhen and Zhang, Wei and Zhao, Shen and Liang, Xiaodan},
	year         = 2023,
	booktitle    = {{IEEE/CVF} Conference on Computer Vision and Pattern Recognition, {CVPR} 2023, Vancouver, BC, Canada, June 17-24, 2023},
	publisher    = {{IEEE}},
	pages        = {15233--15243},
	timestamp    = {Sun, 03 Sep 2023 10:13:46 +0200}
}
@inproceedings{tosdn,
	title        = {Towards Open Set Deep Networks},
	author       = {Abhijit Bendale and Terrance E. Boult},
	year         = 2016,
	booktitle    = {2016 {IEEE} Conference on Computer Vision and Pattern Recognition, {CVPR} 2016, Las Vegas, NV, USA, June 27-30, 2016},
	publisher    = {{IEEE} Computer Society},
	pages        = {1563--1572},
	timestamp    = {Thu, 25 May 2017 01:00:00 +0200}
}
@article{tuce,
	title        = {Towards Knowledge Uncertainty Estimation for Open Set Recognition},
	author       = {Pires, Catarina and Barandas, Mar{\'{\i}}lia and Fernandes, Let{\'{\i}}cia and Folgado, Duarte and Gamboa, Hugo},
	year         = 2020,
	journal      = {Mach. Learn. Knowl. Extr.},
	volume       = 2,
	number       = 4,
	pages        = {505--532},
	timestamp    = {Sun, 25 Jul 2021 11:37:56 +0200}
}
@inproceedings{iccv21oss,
	title        = {Prototypical Matching and Open Set Rejection for Zero-Shot Semantic Segmentation},
	author       = {Hui Zhang and Henghui Ding},
	year         = 2021,
	booktitle    = {2021 {IEEE/CVF} International Conference on Computer Vision, {ICCV} 2021, Montreal, QC, Canada, October 10-17, 2021},
	publisher    = {{IEEE}},
	pages        = {6954--6963},
	timestamp    = {Wed, 07 Dec 2022 00:00:00 +0100}
}
@inproceedings{cvpr21counter,
	title        = {Counterfactual Zero-Shot and Open-Set Visual Recognition},
	author       = {Zhongqi Yue and Tan Wang and Qianru Sun and Xian{-}Sheng Hua and Hanwang Zhang},
	year         = 2021,
	booktitle    = {{IEEE} Conference on Computer Vision and Pattern Recognition, {CVPR} 2021, virtual, June 19-25, 2021},
	publisher    = {Computer Vision Foundation / {IEEE}},
	pages        = {15404--15414},
	timestamp    = {Sun, 02 Oct 2022 01:00:00 +0200}
}
@inproceedings{eccv20osrsurvey,
	title        = {Hybrid Models for Open Set Recognition},
	author       = {Zhang, Hongjie and Li, Ang and Guo, Jie and Guo, Yanwen},
	year         = 2020,
	booktitle    = {Computer Vision - {ECCV} 2020 - 16th European Conference, Glasgow, UK, August 23-28, 2020, Proceedings, Part {III}},
	publisher    = {Springer},
	series       = {Lecture Notes in Computer Science},
	volume       = 12348,
	pages        = {102--117},
	timestamp    = {Tue, 09 Feb 2021 15:29:44 +0100}
}
@misc{oodvg,
	title        = {Out-of-distribution Detection in Classifiers via Generation},
	author       = {Vernekar, Sachin and Gaurav, Ashish and Abdelzad, Vahdat and Denouden, Taylor and Salay, Rick and Czarnecki, Krzysztof},
	year         = 2019,
	journal      = {ArXiv preprint},
	volume       = {abs/1910.04241},
	url          = {http://arxiv.org/abs/1910.04241},
	eprint       = {1910.04241}
}
@inproceedings{logbert,
	title        = {LogBERT: Log Anomaly Detection via {BERT}},
	author       = {Guo, Haixuan and Yuan, Shuhan and Wu, Xintao},
	year         = 2021,
	booktitle    = {International Joint Conference on Neural Networks, {IJCNN} 2021, Shenzhen, China, July 18-22, 2021},
	publisher    = {{IEEE}},
	pages        = {1--8},
	timestamp    = {Sun, 02 Oct 2022 16:08:09 +0200}
}
@article{oeml,
	title        = {Open Environment Machine Learning},
	author       = {Zhou, Zhi-Hua},
	year         = 2022,
	journal      = {National Science Review},
	publisher    = {Oxford University Press},
	volume       = 9,
	number       = 8,
	pages        = {nwac123}
}
@inproceedings{dcgan,
	title        = {Unsupervised Representation Learning with Deep Convolutional Generative Adversarial Networks},
	author       = {Alec Radford and Luke Metz and Soumith Chintala},
	year         = 2016,
	booktitle    = {4th International Conference on Learning Representations, {ICLR} 2016, San Juan, Puerto Rico, May 2-4, 2016, Conference Track Proceedings},
	timestamp    = {Thu, 25 Jul 2019 01:00:00 +0200}
}
@inproceedings{eccv22pss,
	title        = {{PSS:} Progressive Sample Selection for Open-World Visual Representation Learning},
	author       = {Cao, Tianyue and Wang, Yongxin and Xing, Yifan and Xiao, Tianjun and He, Tong and Zhang, Zheng and Zhou, Hao and Tighe, Joseph},
	year         = 2022,
	booktitle    = {Computer Vision - {ECCV} 2022 - 17th European Conference, Tel Aviv, Israel, October 23-27, 2022, Proceedings, Part {XXXI}},
	publisher    = {Springer},
	series       = {Lecture Notes in Computer Science},
	volume       = 13691,
	pages        = {278--294},
	timestamp    = {Thu, 22 Jun 2023 16:19:51 +0200}
}
@inproceedings{nips18edl,
	title        = {Evidential Deep Learning to Quantify Classification Uncertainty},
	author       = {Murat Sensoy and Lance M. Kaplan and Melih Kandemir},
	year         = 2018,
	booktitle    = {Advances in Neural Information Processing Systems 31: Annual Conference on Neural Information Processing Systems 2018, NeurIPS 2018, December 3-8, 2018, Montr{\'{e}}al, Canada},
	pages        = {3183--3193},
	timestamp    = {Thu, 21 Jan 2021 00:00:00 +0100}
}
@inproceedings{cvpr22ovis,
	title        = {Open-Vocabulary Instance Segmentation via Robust Cross-Modal Pseudo-Labeling},
	author       = {Dat Huynh and Jason Kuen and Zhe Lin and Jiuxiang Gu and Ehsan Elhamifar},
	year         = 2022,
	booktitle    = {{IEEE/CVF} Conference on Computer Vision and Pattern Recognition, {CVPR} 2022, New Orleans, LA, USA, June 18-24, 2022},
	publisher    = {{IEEE}},
	pages        = {7010--7021},
	timestamp    = {Wed, 05 Oct 2022 01:00:00 +0200}
}
@inproceedings{cvpr22kgsp,
	title        = {{KG-SP:} Knowledge Guided Simple Primitives for Open World Compositional Zero-Shot Learning},
	author       = {Shyamgopal Karthik and Massimiliano Mancini and Zeynep Akata},
	year         = 2022,
	booktitle    = {{IEEE/CVF} Conference on Computer Vision and Pattern Recognition, {CVPR} 2022, New Orleans, LA, USA, June 18-24, 2022},
	publisher    = {{IEEE}},
	pages        = {9326--9335},
	timestamp    = {Tue, 21 Mar 2023 00:00:00 +0100}
}
@inproceedings{osda,
  title={Open set domain adaptation},
  author={Panareda Busto, Pau and Gall, Juergen},
  booktitle={Proceedings of the IEEE international conference on computer vision},
  pages={754--763},
  year={2017}
}
@article{oreid,
  author       = {Qingming Leng and
                  Mang Ye and
                  Qi Tian},
  title        = {A Survey of Open-World Person Re-Identification},
  journal      = {{IEEE} Trans. Circuits Syst. Video Technol.},
  volume       = {30},
  number       = {4},
  pages        = {1092--1108},
  year         = {2020},
}

@inproceedings{obc306,
	title        = {{OBC306:} {A} Large-Scale Oracle Bone Character Recognition Dataset},
	author       = {Huang, Shuangping and Wang, Haobin and Liu, Yongge and Shi, Xiaosong and Jin, Lianwen},
	year         = 2019,
	booktitle    = {2019 International Conference on Document Analysis and Recognition, {ICDAR} 2019, Sydney, Australia, September 20-25, 2019},
	publisher    = {{IEEE}},
	pages        = {681--688},
	timestamp    = {Tue, 04 Feb 2020 13:28:39 +0100}
}
@inproceedings{denseran,
	title        = {DenseRAN for Offline Handwritten Chinese Character Recognition},
	author       = {Wang, Wenchao and Zhang, Jianshu and Du, Jun and Wang, Zi{-}Rui and Zhu, Yixing},
	year         = 2018,
	booktitle    = {16th International Conference on Frontiers in Handwriting Recognition, {ICFHR} 2018, Niagara Falls, NY, USA, August 5-8, 2018},
	publisher    = {{IEEE} Computer Society},
	pages        = {104--109},
	timestamp    = {Fri, 24 Mar 2023 00:03:10 +0100}
}
@inproceedings{ManmathaHR96,
	title        = {Word Spotting: {A} New Approach to Indexing Handwriting},
	author       = {Manmatha, R. and Han, Chengfeng and Riseman, Edward M.},
	year         = 1996,
	booktitle    = {1996 Conference on Computer Vision and Pattern Recognition {(CVPR} '96), June 18-20, 1996 San Francisco, CA, {USA}},
	publisher    = {{IEEE} Computer Society},
	pages        = {631--637},
	timestamp    = {Fri, 24 Mar 2023 00:02:52 +0100}
}
@article{Almazn2014,
	title        = {Word Spotting and Recognition with Embedded Attributes},
	author       = {Almaz{\'{a}}n, Jon and Gordo, Albert and Forn{\'{e}}s, Alicia and Valveny, Ernest},
	year         = 2014,
	journal      = {{IEEE} Trans. Pattern Anal. Mach. Intell.},
	volume       = 36,
	number       = 12,
	pages        = {2552--2566},
	timestamp    = {Thu, 23 Jun 2022 20:00:00 +0200}
}
@inproceedings{DBLP:conf/icfhr/ChandaBHHSS18,
	title        = {Zero-shot learning based approach for medieval word recognition using deep-learned features},
	author       = {Chanda, Sukalpa and Baas, Jochem and Haitink, Daniel and Hamel, S{\'e}bastien and Stutzmann, Dominique and Schomaker, Lambert},
	year         = 2018,
	booktitle    = {16th International Conference on Frontiers in Handwriting Recognition, {ICFHR} 2018, Niagara Falls, NY, USA, August 5-8, 2018},
	pages        = {345--350},
	organization = {IEEE}
}
@inproceedings{9412607,
	title        = {Recognizing Bengali Word Images - {A} Zero-Shot Learning Perspective},
	author       = {Chanda, Sukalpa and Haitink, Daniel and Prasad, Prashant Kumar and Baas, Jochem and Pal, Umapada and Schomaker, Lambert},
	year         = 2020,
	booktitle    = {25th International Conference on Pattern Recognition, {ICPR} 2020, Virtual Event / Milan, Italy, January 10-15, 2021},
	publisher    = {{IEEE}},
	pages        = {5603--5610},
	timestamp    = {Mon, 03 Jan 2022 22:15:21 +0100}
}
@article{zhang20pr,
	title        = {Radical analysis network for learning hierarchies of Chinese characters},
	author       = {Zhang, Jianshu and Du, Jun and Dai, Lirong},
	year         = 2020,
	journal      = {Pattern Recognit.},
	volume       = 103,
	pages        = 107305,
	timestamp    = {Fri, 28 Aug 2020 12:21:15 +0200}
}
@article{fewran,
	title        = {Radical aggregation network for few-shot offline handwritten Chinese character recognition},
	author       = {Wang, Tianwei and Xie, Zecheng and Li, Zhe and Jin, Lianwen and Chen, Xiangle},
	year         = 2019,
	journal      = {Pattern Recognit. Lett.},
	volume       = 125,
	pages        = {821--827},
	timestamp    = {Thu, 14 Oct 2021 09:41:55 +0200}
}
@inproceedings{eccv20,
	title        = {Adaptive Text Recognition Through Visual Matching},
	author       = {Zhang, Chuhan and Gupta, Ankush and Zisserman, Andrew},
	year         = 2020,
	booktitle    = {Computer Vision - {ECCV} 2020 - 16th European Conference, Glasgow, UK, August 23-28, 2020, Proceedings, Part {XVI}},
	publisher    = {Springer},
	series       = {Lecture Notes in Computer Science},
	volume       = 12361,
	pages        = {51--67},
	timestamp    = {Tue, 20 Apr 2021 15:05:22 +0200}
}
@inproceedings{jinic21,
	title        = {Zero-Shot Chinese Text Recognition via Matching Class Embedding},
	author       = {Huang, Yuhao and Jin, Lianwen and Peng, Dezhi},
	year         = 2021,
	booktitle    = {16th International Conference on Document Analysis and Recognition, {ICDAR} 2021, Lausanne, Switzerland, September 5-10, 2021, Proceedings, Part {III}},
	publisher    = {Springer},
	series       = {Lecture Notes in Computer Science},
	volume       = 12823,
	pages        = {127--141},
	timestamp    = {Thu, 09 Sep 2021 13:52:45 +0200}
}
@inproceedings{neko23osavr,
	title        = {Open-Set Text Recognition via Shape-Awareness Visual Reconstruction},
	author       = {Liu, Chang and Yang, Chun and Yin, Xu{-}Cheng},
	year         = 2023,
	booktitle    = {Document Analysis and Recognition - {ICDAR} 2023 - 17th International Conference, San Jos{\'{e}}, CA, USA, August 21-26, 2023, Proceedings, Part {VI}},
	publisher    = {Springer},
	series       = {Lecture Notes in Computer Science},
	volume       = 14192,
	pages        = {89--105},
	timestamp    = {Thu, 24 Aug 2023 10:22:41 +0200}
}
@article{neko20nocr,
	title        = {Towards open-set text recognition via label-to-prototype learning},
	author       = {Liu, Chang and Yang, Chun and Qin, Haibo and Zhu, Xiaobin and Liu, Cheng{-}Lin and Yin, Xu{-}Cheng},
	year         = 2023,
	journal      = {Pattern Recognit.},
	volume       = 134,
	pages        = 109109,
	timestamp    = {Wed, 07 Dec 2022 23:01:23 +0100}
}
@inproceedings{vsdf,
	title        = {Open-Set Text Recognition via Character-Context Decoupling},
	author       = {Liu, Chang and Yang, Chun and Yin, Xu{-}Cheng},
	year         = 2022,
	booktitle    = {{IEEE/CVF} Conference on Computer Vision and Pattern Recognition, {CVPR} 2022, New Orleans, LA, USA, June 18-24, 2022},
	publisher    = {{IEEE}},
	pages        = {4513--4522},
	timestamp    = {Wed, 07 Dec 2022 23:06:30 +0100}
}
@article{lin2022variational,
	title        = {Variational Autoencoder for Zero-Shot Recognition of Bai Characters},
	author       = {Lin, Weiwei and Ma, Tai and Zhang, Zeqing and Li, Xiaofan and Xue, Xingsi},
	year         = 2022,
	journal      = {Wireless Communications and Mobile Computing},
	publisher    = {Hindawi},
	volume       = 2022
}
@misc{Diao2022REZCRAZ,
	title        = {{REZCR:} {A} Zero-shot Character Recognition Method via Radical Extraction},
	author       = {Diao, Xiaolei and Shi, Daqian and Tang, Hao and Wu, Lei and Li, Yanzeng and Xu, Hao},
	year         = 2022,
	journal      = {ArXiv preprint},
	volume       = {abs/2207.05842},
	url          = {https://arxiv.org/abs/2207.05842},
	eprint       = {2207.05842}
}
@article{hde,
	title        = {Zero-shot Handwritten Chinese Character Recognition with hierarchical decomposition embedding},
	author       = {Cao, Zhong and Lu, Jiang and Cui, Sen and Zhang, Changshui},
	year         = 2020,
	journal      = {Pattern Recognit.},
	volume       = 107,
	pages        = 107488,
	timestamp    = {Fri, 28 Aug 2020 17:14:16 +0200}
}
@misc{eccvfork,
	title        = {Few Shots Is All You Need: {A} Progressive Few Shot Learning Approach for Low Resource Handwriting Recognition},
	author       = {Souibgui, Mohamed Ali and Forn{\'{e}}s, Alicia and Kessentini, Yousri and Megyesi, Be{\'{a}}ta},
	year         = 2021,
	journal      = {ArXiv preprint},
	volume       = {abs/2107.10064},
	url          = {https://arxiv.org/abs/2107.10064},
	eprint       = {2107.10064}
}
@misc{wubizhengma,
	title        = {Open Set Chinese Character Recognition using Multi-typed Attributes},
	author       = {He, Sheng and Schomaker, Lambert},
	year         = 2018,
	journal      = {ArXiv preprint},
	volume       = {abs/1808.08993},
	url          = {http://arxiv.org/abs/1808.08993},
	eprint       = {1808.08993}
}
@inproceedings{taktak,
	title        = {Zero-Shot Chinese Character Recognition with Stroke-Level Decomposition},
	author       = {Chen, Jingye and Li, Bin and Xue, Xiangyang},
	year         = 2021,
	booktitle    = {Proceedings of the Thirtieth International Joint Conference on Artificial Intelligence, {IJCAI} 2021, Virtual Event / Montreal, Canada, 19-27 August 2021},
	publisher    = {ijcai.org},
	pages        = {615--621},
	timestamp    = {Tue, 25 Jan 2022 14:05:11 +0100}
}
@inproceedings{Rai2021PhoSCNetAA,
	title        = {Pho(SC)Net: An Approach Towards Zero-Shot Word Image Recognition in Historical Documents},
	author       = {Rai, Anuj and Krishnan, Narayanan C. and Chanda, Sukalpa},
	year         = 2021,
	booktitle    = {16th International Conference on Document Analysis and Recognition, {ICDAR} 2021, Lausanne, Switzerland, September 5-10, 2021, Proceedings, Part {I}},
	publisher    = {Springer},
	series       = {Lecture Notes in Computer Science},
	volume       = 12821,
	pages        = {19--33},
	timestamp    = {Thu, 09 Sep 2021 13:52:39 +0200}
}
@book{venkataram2018open,
	title        = {Open set text classification using neural networks},
	author       = {Venkataram, Vinodini Molukuvan},
	year         = 2018,
	publisher    = {University of Colorado Colorado Springs}
}
@article{JALALI2021489,
	title        = {Low-shot transfer with attention for highly imbalanced cursive character recognition},
	author       = {Jalali, Amin and Kavuri, Swathi and Lee, Minho},
	year         = 2021,
	journal      = {Neural Networks},
	volume       = 143,
	pages        = {489--499},
	timestamp    = {Wed, 15 Jun 2022 08:40:55 +0200}
}
@article{omni,
	title        = {Human-level concept learning through probabilistic program induction},
	author       = {Lake, Brenden M and Salakhutdinov, Ruslan and Tenenbaum, Joshua B},
	year         = 2015,
	journal      = {Science},
	publisher    = {American Association for the Advancement of Science},
	volume       = 350,
	number       = 6266,
	pages        = {1332--1338}
}
@inproceedings{acpm,
	title        = {Chinese Character Recognition with Augmented Character Profile Matching},
	author       = {Zu, Xinyan and Yu, Haiyang and Li, Bin and Xue, Xiangyang},
	year         = 2022,
	booktitle    = {{MM} '22: The 30th {ACM} International Conference on Multimedia, Lisboa, Portugal, October 10 - 14, 2022},
	publisher    = {{ACM}},
	pages        = {6094--6102},
	timestamp    = {Fri, 14 Oct 2022 14:25:06 +0200}
}
@inproceedings{dran,
	title        = {DenseRAN for Offline Handwritten Chinese Character Recognition},
	author       = {Wang, Wenchao and Zhang, Jianshu and Du, Jun and Wang, Zi{-}Rui and Zhu, Yixing},
	year         = 2018,
	booktitle    = {16th International Conference on Frontiers in Handwriting Recognition, {ICFHR} 2018, Niagara Falls, NY, USA, August 5-8, 2018},
	publisher    = {{IEEE} Computer Society},
	pages        = {104--109},
	timestamp    = {Fri, 24 Mar 2023 00:03:10 +0100}
}
@misc{star22,
	title        = {{STAR:} Zero-Shot Chinese Character Recognition with Stroke- and Radical-Level Decompositions},
	author       = {Zeng, Jinshan and Xu, Ruiying and Wu, Yu and Li, Hongwei and Lu, Jiaxing},
	year         = 2022,
	journal      = {ArXiv preprint},
	volume       = {abs/2210.08490},
	url          = {http://arxiv.org/abs/2210.08490},
	eprint       = {2210.08490}
}
@inproceedings{obcmk2,
  title={RZCR: Zero-shot Character Recognition via Radical-based Reasoning},
  author={Diao, Xiaolei and Shi, Daqian and Tang, Hao and Qiang, Shen and Li, Yanzeng and Wu, Lei and Xu, Hao},
  year={2023},
  organization={IJCAI}
}
@inproceedings{cm19,
	title        = {Cross-Modal Prototype Learning for Zero-Shot Handwriting Recognition},
	author       = {Ao, Xiang and Zhang, Xu{-}Yao and Yang, Hong{-}Ming and Yin, Fei and Liu, Cheng{-}Lin},
	year         = 2019,
	booktitle    = {2019 International Conference on Document Analysis and Recognition, {ICDAR} 2019, Sydney, Australia, September 20-25, 2019},
	publisher    = {{IEEE}},
	pages        = {589--594},
	timestamp    = {Wed, 01 Sep 2021 13:24:13 +0200}
}
@inproceedings{imtok,
	title        = {Language Modelling with Pixels},
	author       = {Rust, Phillip and Lotz, Jonas F. and Bugliarello, Emanuele and Salesky, Elizabeth and de Lhoneux, Miryam and Elliott, Desmond},
	year         = 2023,
	booktitle    = {The Eleventh International Conference on Learning Representations, {ICLR} 2023, Kigali, Rwanda, May 1-5, 2023},
	publisher    = {OpenReview.net},
	timestamp    = {Fri, 30 Jun 2023 14:55:52 +0200}
}
@article{radjpn,
	title        = {CNN-encoded radical-level representation for Japanese processing},
	author       = {Ke, Yuanzhi and Hagiwara, Masafumi},
	year         = 2018,
	journal      = {Transactions of the Japanese Society for Artificial Intelligence},
	publisher    = {The Japanese Society for Artificial Intelligence},
	volume       = 33,
	number       = 4,
	pages        = {D--I23}
}
@misc{stree,
	title        = {Chinese Character Recognition with Radical-Structured Stroke Trees},
	author       = {Yu, Haiyang and Chen, Jingye and Li, Bin and Xue, Xiangyang},
	year         = 2022,
	journal      = {ArXiv preprint},
	volume       = {abs/2211.13518},
	url          = {http://arxiv.org/abs/2211.13518},
	eprint       = {2211.13518}
}
@inproceedings{ranol,
	title        = {Trajectory-based Radical Analysis Network for Online Handwritten Chinese Character Recognition},
	author       = {Zhang, Jianshu and Zhu, Yixing and Du, Jun and Dai, Lirong},
	year         = 2018,
	booktitle    = {24th International Conference on Pattern Recognition, {ICPR} 2018, Beijing, China, August 20-24, 2018},
	publisher    = {{IEEE} Computer Society},
	pages        = {3681--3686},
	timestamp    = {Fri, 24 Mar 2023 00:03:26 +0100}
}
@inproceedings{Zhang2018RadicalAN,
	title        = {Radical Analysis Network for Zero-Shot Learning in Printed Chinese Character Recognition},
	author       = {Zhang, Jianshu and Zhu, Yixing and Du, Jun and Dai, Lirong},
	year         = 2018,
	booktitle    = {2018 {IEEE} International Conference on Multimedia and Expo, {ICME} 2018, San Diego, CA, USA, July 23-27, 2018},
	publisher    = {{IEEE} Computer Society},
	pages        = {1--6},
	timestamp    = {Fri, 24 Mar 2023 00:04:39 +0100}
}
@article{pandg,
	title        = {Joint optimization for attention-based generation and recognition of chinese characters using tree position embedding},
	author       = {Xue, Mobai and Du, Jun and Wang, Bin and Ren, Bo and Hu, Yu},
	year         = 2023,
	journal      = {Pattern Recognit.},
	volume       = 140,
	pages        = 109538,
	timestamp    = {Fri, 02 Jun 2023 21:23:40 +0200}
}
@article{hippo,
	title        = {Hippocampus-heuristic character recognition network for zero-shot learning in Chinese character recognition},
	author       = {Huang, Guanjie and Luo, Xiangyu and Wang, Shaowei and Gu, Tianlong and Su, Kaile},
	year         = 2022,
	journal      = {Pattern Recognit.},
	volume       = 130,
	pages        = 108818,
	timestamp    = {Wed, 07 Dec 2022 23:01:24 +0100}
}
@misc{sae,
	title        = {Stroke-Based Autoencoders: Self-Supervised Learners for Efficient Zero-Shot Chinese Character Recognition},
	author       = {Chen, Zongze and Yang, Wenxia and Li, Xin},
	year         = 2022,
	journal      = {ArXiv preprint},
	volume       = {abs/2207.08191},
	url          = {http://arxiv.org/abs/2207.08191},
	eprint       = {2207.08191}
}
@misc{cafe23,
	title        = {Improving Scene Text Recognition for Character-Level Long-Tailed Distribution},
	author       = {Park, Sunghyun and Chung, Sunghyo and Lee, Jungsoo and Choo, Jaegul},
	year         = 2023,
	journal      = {ArXiv preprint},
	volume       = {abs/2304.08592},
	url          = {http://arxiv.org/abs/2304.08592},
	eprint       = {2304.08592}
}
@inproceedings{sanicdar23,
	title        = {{SAN:} Structure-Aware Network for Complex and Long-Tailed Chinese Text Recognition},
	author       = {Zhang, Junyi and Liu, Chang and Yang, Chun},
	year         = 2023,
	booktitle    = {Document Analysis and Recognition - {ICDAR} 2023 - 17th International Conference, San Jos{\'{e}}, CA, USA, August 21-26, 2023, Proceedings, Part {V}},
	publisher    = {Springer},
	series       = {Lecture Notes in Computer Science},
	volume       = 14191,
	pages        = {244--258},
	timestamp    = {Thu, 24 Aug 2023 10:22:41 +0200}
}
@inproceedings{mm22rw,
	title        = {Reading and Writing: Discriminative and Generative Modeling for Self-Supervised Text Recognition},
	author       = {Yang, Mingkun and Liao, Minghui and Lu, Pu and Wang, Jing and Zhu, Shenggao and Luo, Hualin and Tian, Qi and Bai, Xiang},
	year         = 2022,
	booktitle    = {{MM} '22: The 30th {ACM} International Conference on Multimedia, Lisboa, Portugal, October 10 - 14, 2022},
	publisher    = {{ACM}},
	pages        = {4214--4223},
	timestamp    = {Fri, 14 Oct 2022 14:25:06 +0200}
}
@article{sscl,
	title        = {One shot ancient character recognition with siamese similarity network},
	author       = {Liu, Xuxing and Gao, Weize and Li, Rankang and Xiong, Yu and Tang, Xiaoqin and Chen, Shanxiong},
	year         = 2022,
	journal      = {Scientific Reports},
	publisher    = {Nature Publishing Group UK London},
	volume       = 12,
	number       = 1,
	pages        = 14820
}
@inproceedings{bor,
	title        = {Reading Chinese in Natural Scenes with a Bag-of-Radicals Prior},
	author       = {Liu, Yongbin and Liu, Qingjie and Chen, Jiaxin and Wang, Yunhong},
	year         = 2022,
	booktitle    = {33rd British Machine Vision Conference 2022, {BMVC} 2022, London, UK, November 21-24, 2022},
	publisher    = {{BMVA} Press},
	pages        = 969,
	timestamp    = {Thu, 16 Feb 2023 16:15:43 +0100}
}
@article{icdar23osr,
	title={Classification of incunable glyphs and out-of-distribution detection with joint energy-based models},
	author={Kordon, Florian and Weichselbaumer, Nikolaus and Herz, Randall and Mossman, Stephen and Potten, Edward and Seuret, Mathias and Mayr, Martin and Christlein, Vincent},
	journal={International Journal on Document Analysis and Recognition (IJDAR)},
	pages={1--18},
	year={2023},
	publisher={Springer}
}
@inproceedings{compositor,
	title        = {Compositor: Bottom-Up Clustering and Compositing for Robust Part and Object Segmentation},
	author       = {He, Ju and Chen, Jieneng and Lin, Ming{-}Xian and Yu, Qihang and Yuille, Alan L.},
	year         = 2023,
	booktitle    = {{IEEE/CVF} Conference on Computer Vision and Pattern Recognition, {CVPR} 2023, Vancouver, BC, Canada, June 17-24, 2023},
	publisher    = {{IEEE}},
	pages        = {11259--11268},
	timestamp    = {Tue, 29 Aug 2023 15:44:40 +0200}
}
@inproceedings{poem,
	title        = {Divide and Conquer: Answering Questions with Object Factorization and Compositional Reasoning},
	author       = {Chen, Shi and Zhao, Qi},
	year         = 2023,
	booktitle    = {{IEEE/CVF} Conference on Computer Vision and Pattern Recognition, {CVPR} 2023, Vancouver, BC, Canada, June 17-24, 2023},
	publisher    = {{IEEE}},
	pages        = {6736--6745},
	timestamp    = {Mon, 28 Aug 2023 16:14:40 +0200}
}
@inproceedings{hpct,
	title        = {Human Pose as Compositional Tokens},
	author       = {Geng, Zigang and Wang, Chunyu and Wei, Yixuan and Liu, Ze and Li, Houqiang and Hu, Han},
	year         = 2023,
	booktitle    = {{IEEE/CVF} Conference on Computer Vision and Pattern Recognition, {CVPR} 2023, Vancouver, BC, Canada, June 17-24, 2023},
	publisher    = {{IEEE}},
	pages        = {660--671},
	timestamp    = {Mon, 28 Aug 2023 16:14:40 +0200}
}
@inproceedings{yao,
	title        = {Strokelets: {A} Learned Multi-scale Representation for Scene Text Recognition},
	author       = {Cong Yao and Xiang Bai and Baoguang Shi and Wenyu Liu},
	year         = 2014,
	booktitle    = {2014 {IEEE} Conference on Computer Vision and Pattern Recognition, {CVPR} 2014, Columbus, OH, USA, June 23-28, 2014},
	publisher    = {{IEEE} Computer Society},
	pages        = {4042--4049},
	timestamp    = {Wed, 08 Jan 2020 00:00:00 +0100}
}
@inproceedings{cvzsl,
	title        = {A causal view of compositional zero-shot recognition},
	author       = {Yuval Atzmon and Felix Kreuk and Uri Shalit and Gal Chechik},
	year         = 2020,
	booktitle    = {Advances in Neural Information Processing Systems 33: Annual Conference on Neural Information Processing Systems 2020, NeurIPS 2020, December 6-12, 2020, virtual},
	timestamp    = {Tue, 19 Jan 2021 00:00:00 +0100}
}

@inproceedings{cvpr20vc,
	title        = {Visual Commonsense {R-CNN}},
	author       = {Tan Wang and Jianqiang Huang and Hanwang Zhang and Qianru Sun},
	year         = 2020,
	booktitle    = {2020 {IEEE/CVF} Conference on Computer Vision and Pattern Recognition, {CVPR} 2020, Seattle, WA, USA, June 13-19, 2020},
	publisher    = {{IEEE}},
	pages        = {10757--10767},
	timestamp    = {Tue, 11 Aug 2020 01:00:00 +0200}
}
@inproceedings{cvpr22cdvr,
	title        = {Contextual Debiasing for Visual Recognition with Causal Mechanisms},
	author       = {Liu, Ruyang and Liu, Hao and Li, Ge and Hou, Haodi and Yu, Tinghao and Yang, Tao},
	year         = 2022,
	booktitle    = {{IEEE/CVF} Conference on Computer Vision and Pattern Recognition, {CVPR} 2022, New Orleans, LA, USA, June 18-24, 2022},
	publisher    = {{IEEE}},
	pages        = {12745--12755},
	timestamp    = {Sat, 05 Aug 2023 10:26:52 +0200}
}
@article{fgc,
	title        = {Fine-Grained Image Analysis With Deep Learning: {A} Survey},
	author       = {Wei, Xiu{-}Shen and Song, Yi{-}Zhe and Aodha, Oisin Mac and Wu, Jianxin and Peng, Yuxin and Tang, Jinhui and Yang, Jian and Belongie, Serge J.},
	year         = 2022,
	journal      = {{IEEE} Trans. Pattern Anal. Mach. Intell.},
	volume       = 44,
	number       = 12,
	pages        = {8927--8948},
	timestamp    = {Sun, 22 Oct 2023 11:14:46 +0200}
}
@inproceedings{berty,
	title        = {{BERT}: Pre-training of Deep Bidirectional Transformers for Language Understanding},
	author       = {Devlin, Jacob  and Chang, Ming-Wei  and Lee, Kenton  and Toutanova, Kristina},
	year         = 2019,
	booktitle    = {Proceedings of the 2019 Conference of the North {A}merican Chapter of the Association for Computational Linguistics: Human Language Technologies, Volume 1 (Long and Short Papers)},
	publisher    = {Association for Computational Linguistics},
	pages        = {4171--4186}
}
@inproceedings{dino,
	title        = {{DINO:} {DETR} with Improved DeNoising Anchor Boxes for End-to-End Object Detection},
	author       = {Zhang, Hao and Li, Feng and Liu, Shilong and Zhang, Lei and Su, Hang and Zhu, Jun and Ni, Lionel M. and Shum, Heung{-}Yeung},
	year         = 2023,
	booktitle    = {The Eleventh International Conference on Learning Representations, {ICLR} 2023, Kigali, Rwanda, May 1-5, 2023},
	publisher    = {OpenReview.net},
	timestamp    = {Fri, 30 Jun 2023 14:55:53 +0200}
}
@inproceedings{detr,
	title        = {End-to-End Object Detection with Transformers},
	author       = {Carion, Nicolas and Massa, Francisco and Synnaeve, Gabriel and Usunier, Nicolas and Kirillov, Alexander and Zagoruyko, Sergey},
	year         = 2020,
	booktitle    = {Computer Vision - {ECCV} 2020 - 16th European Conference, Glasgow, UK, August 23-28, 2020, Proceedings, Part {I}},
	publisher    = {Springer},
	series       = {Lecture Notes in Computer Science},
	volume       = 12346,
	pages        = {213--229},
	timestamp    = {Sat, 14 Nov 2020 00:57:07 +0100}
}
@inproceedings{ResNet,
	title        = {Deep Residual Learning for Image Recognition},
	author       = {Kaiming He and Xiangyu Zhang and Shaoqing Ren and Jian Sun},
	year         = 2016,
	booktitle    = {2016 {IEEE} Conference on Computer Vision and Pattern Recognition, {CVPR} 2016, Las Vegas, NV, USA, June 27-30, 2016},
	publisher    = {{IEEE} Computer Society},
	pages        = {770--778},
	timestamp    = {Wed, 17 Apr 2019 01:00:00 +0200}
}
@inproceedings{VGG,
	title        = {Superpixel Partitioning of Very High Resolution Satellite Images for Large-Scale Classification Perspectives with Deep Convolutional Neural Networks},
	author       = {Postadjian, Tristan and Bris, Arnaud Le and Mallet, Cl{\'{e}}ment and Sahbi, Hichem},
	year         = 2018,
	booktitle    = {2018 {IEEE} International Geoscience and Remote Sensing Symposium, {IGARSS} 2018, Valencia, Spain, July 22-27, 2018},
	publisher    = {{IEEE}},
	pages        = {1328--1331},
	timestamp    = {Wed, 16 Oct 2019 14:14:53 +0200}
}
@inproceedings{RCNN,
	title        = {Recurrent Convolutional Neural Networks for Text Classification},
	author       = {Siwei Lai and Liheng Xu and Kang Liu and Jun Zhao},
	year         = 2015,
	booktitle    = {Proceedings of the Twenty-Ninth {AAAI} Conference on Artificial Intelligence, January 25-30, 2015, Austin, Texas, {USA}},
	publisher    = {{AAAI} Press},
	pages        = {2267--2273},
	timestamp    = {Tue, 14 Feb 2017 00:00:00 +0100}
}
@inproceedings{deform,
	title        = {Deformable Convolutional Networks},
	author       = {Jifeng Dai and Haozhi Qi and Yuwen Xiong and Yi Li and Guodong Zhang and Han Hu and Yichen Wei},
	year         = 2017,
	booktitle    = {{IEEE} International Conference on Computer Vision, {ICCV} 2017, Venice, Italy, October 22-29, 2017},
	publisher    = {{IEEE} Computer Society},
	pages        = {764--773},
	timestamp    = {Tue, 24 Nov 2020 00:00:00 +0100}
}
@misc{adad,
	title        = {{ADADELTA:} An Adaptive Learning Rate Method},
	author       = {Zeiler, Matthew D.},
	year         = 2012,
	journal      = {CoRR},
	volume       = {abs/1212.5701},
	url          = {http://arxiv.org/abs/1212.5701},
	eprint       = {1212.5701},
	eprinttype   = {arXiv},
	timestamp    = {Mon, 13 Aug 2018 16:45:57 +0200}
}
@inproceedings{tsne,
	title        = {Visualizing Time-Dependent Data Using Dynamic t-SNE},
	author       = {Rauber, Paulo E. and Falc{\\textasciitilde {a}}o, Alexandre X. and Telea, Alexandru C.},
	year         = 2016,
	booktitle    = {18th Eurographics Conference on Visualization, EuroVis 2016 - Short Papers, Groningen, The Netherlands, June 6-10, 2016},
	publisher    = {Eurographics Association},
	pages        = {73--77},
	timestamp    = {Wed, 01 Jul 2020 13:32:37 +0200}
}
@misc{ur,
	title        = {Universal representations: The missing link between faces, text, planktons, and cat breeds},
	author       = {Bilen, Hakan and Vedaldi, Andrea},
	year         = 2017,
	journal      = {ArXiv preprint},
	volume       = {abs/1701.07275},
	url          = {http://arxiv.org/abs/1701.07275},
	eprint       = {1701.07275}
}
@article{soft,
	title        = {Delving Deep Into Label Smoothing},
	author       = {Zhang, Chang{-}Bin and Jiang, Peng{-}Tao and Hou, Qibin and Wei, Yunchao and Han, Qi and Li, Zhen and Cheng, Ming{-}Ming},
	year         = 2021,
	journal      = {{IEEE} Trans. Image Process.},
	volume       = 30,
	pages        = {5984--5996},
	timestamp    = {Fri, 02 Jun 2023 17:16:20 +0200}
}
@inproceedings{vis,
	title        = {Striving for Simplicity: The All Convolutional Net},
	author       = {Springenberg, Jost Tobias and Dosovitskiy, Alexey and Brox, Thomas and Riedmiller, Martin A.},
	year         = 2015,
	booktitle    = {3rd International Conference on Learning Representations, {ICLR} 2015, San Diego, CA, USA, May 7-9, 2015, Workshop Track Proceedings},
	timestamp    = {Wed, 17 Jul 2019 10:40:54 +0200}
}
@article{expa,
	title        = {Explaining 'Explaining Away'},
	author       = {Wellman, Michael P. and Henrion, Max},
	year         = 1993,
	journal      = {{IEEE} Trans. Pattern Anal. Mach. Intell.},
	volume       = 15,
	number       = 3,
	pages        = {287--292},
	timestamp    = {Sun, 02 Jun 2019 21:10:20 +0200}
}
@inproceedings{aian,
	title        = {Attentional Transfer is All You Need: Technology-aware Layout Pattern Generation},
	author       = {Zhang, Xiaopeng and Yang, Haoyu and Young, Evangeline F. Y.},
	year         = 2021,
	booktitle    = {58th {ACM/IEEE} Design Automation Conference, {DAC} 2021, San Francisco, CA, USA, December 5-9, 2021},
	publisher    = {{IEEE}},
	pages        = {169--174},
	timestamp    = {Wed, 03 May 2023 17:06:11 +0200}
}
@article{ham,
	title        = {{HAM:} Hidden Anchor Mechanism for Scene Text Detection},
	author       = {Hou, Jie{-}Bo and Zhu, Xiaobin and Liu, Chang and Sheng, Kekai and Wu, Long{-}Huang and Wang, Hongfa and Yin, Xu{-}Cheng},
	year         = 2020,
	journal      = {{IEEE} Trans. Image Process.},
	volume       = 29,
	pages        = {7904--7916},
	timestamp    = {Wed, 06 Oct 2021 08:30:01 +0200}
}
@article{aam,
	author       = {Jie{-}Bo Hou and
	Xiaobin Zhu and
	Chang Liu and
	Chun Yang and
	Long{-}Huang Wu and
	Hongfa Wang and
	Xu{-}Cheng Yin},
	title        = {Detecting Text in Scene and Traffic Guide Panels With Attention Anchor
	Mechanism},
	journal      = {{IEEE} Trans. Intell. Transp. Syst.},
	volume       = {22},
	number       = {11},
	pages        = {6890--6899},
	year         = {2021},
}
@article{gccnet,
	author       = {Chang Liu and
	Chun Yang and
	Jie{-}Bo Hou and
	Long{-}Huang Wu and
	Xiao{-}Bin Zhu and
	Lei Xiao and
	Xu{-}Cheng Yin},
	title        = {GCCNet: Grouped channel composition network for scene text detection},
	journal      = {Neurocomputing},
	volume       = {454},
	pages        = {135--151},
	year         = {2021},
}
@inproceedings{vae,
	title        = {Auto-Encoding Variational Bayes},
	author       = {Diederik P. Kingma and Max Welling},
	year         = 2014,
	booktitle    = {2nd International Conference on Learning Representations, {ICLR} 2014, Banff, AB, Canada, April 14-16, 2014, Conference Track Proceedings},
	timestamp    = {Fri, 29 Mar 2019 00:00:00 +0100}
}
@inproceedings{faster,
	title        = {Faster {R-CNN:} Towards Real-Time Object Detection with Region Proposal Networks},
	author       = {Shaoqing Ren and Kaiming He and Ross B. Girshick and Jian Sun},
	year         = 2015,
	booktitle    = {Advances in Neural Information Processing Systems 28: Annual Conference on Neural Information Processing Systems 2015, December 7-12, 2015, Montreal, Quebec, Canada},
	pages        = {91--99},
	timestamp    = {Thu, 21 Jan 2021 00:00:00 +0100}
}
@inproceedings{yolo,
	title        = {You Only Look Once: Unified, Real-Time Object Detection},
	author       = {Joseph Redmon and Santosh Kumar Divvala and Ross B. Girshick and Ali Farhadi},
	year         = 2016,
	booktitle    = {2016 {IEEE} Conference on Computer Vision and Pattern Recognition, {CVPR} 2016, Las Vegas, NV, USA, June 27-30, 2016},
	publisher    = {{IEEE} Computer Society},
	pages        = {779--788},
	timestamp    = {Thu, 25 May 2017 01:00:00 +0200}
}
@inproceedings{yolo2,
	title        = {{YOLO9000:} Better, Faster, Stronger},
	author       = {Joseph Redmon and Ali Farhadi},
	year         = 2017,
	booktitle    = {2017 {IEEE} Conference on Computer Vision and Pattern Recognition, {CVPR} 2017, Honolulu, HI, USA, July 21-26, 2017},
	publisher    = {{IEEE} Computer Society},
	pages        = {6517--6525},
	timestamp    = {Wed, 14 Nov 2018 00:00:00 +0100}
}
@inproceedings{ciic,
	title        = {Dependent Multi-Task Learning with Causal Intervention for Image Captioning},
	author       = {Chen, Wenqing and Tian, Jidong and Fan, Caoyun and He, Hao and Jin, Yaohui},
	year         = 2021,
	booktitle    = {Proceedings of the Thirtieth International Joint Conference on Artificial Intelligence, {IJCAI} 2021, Virtual Event / Montreal, Canada, 19-27 August 2021},
	publisher    = {ijcai.org},
	pages        = {2263--2270},
	timestamp    = {Sun, 02 Oct 2022 16:08:02 +0200}
}
@article{monkey-bike-human,
	title        = {Deep Nets: What have They Ever Done for Fision?},
	author       = {Yuille, Alan L and Liu, Chenxi},
	year         = 2021,
	journal      = {International Journal of Computer Vision},
	publisher    = {Springer},
	volume       = 129,
	pages        = {781--802}
}
@article{jama96ctxbias,
	title        = {Context bias: a problem in diagnostic radiology},
	author       = {Egglin, Thomas KP and Feinstein, Alvan R},
	year         = 1996,
	journal      = {Jama},
	publisher    = {American Medical Association},
	volume       = 276,
	number       = 21,
	pages        = {1752--1755}
}
@inproceedings{nips19rf,
	title        = {Residual Flows for Invertible Generative Modeling},
	author       = {Tian Qi Chen and Jens Behrmann and David Duvenaud and J{\"{o}}rn{-}Henrik Jacobsen},
	year         = 2019,
	booktitle    = {Advances in Neural Information Processing Systems 32: Annual Conference on Neural Information Processing Systems 2019, NeurIPS 2019, December 8-14, 2019, Vancouver, BC, Canada},
	pages        = {9913--9923},
	timestamp    = {Thu, 21 Jan 2021 00:00:00 +0100}
}
@book{tempm,
	title        = {Template matching techniques in computer vision: theory and practice},
	author       = {Brunelli, Roberto},
	year         = 2009,
	publisher    = {John Wiley {\&} Sons}
}
@article{linear,
	title        = {Recent Advances of Large-Scale Linear Classification},
	author       = {Yuan, Guo{-}Xun and Ho, Chia{-}Hua and Lin, Chih{-}Jen},
	year         = 2012,
	journal      = {Proc. {IEEE}},
	volume       = 100,
	number       = 9,
	pages        = {2584--2603},
	timestamp    = {Fri, 02 Oct 2020 14:42:17 +0200}
}
@inproceedings{longrange,
	title        = {Long Range Arena : {A} Benchmark for Efficient Transformers},
	author       = {Yi Tay and Mostafa Dehghani and Samira Abnar and Yikang Shen and Dara Bahri and Philip Pham and Jinfeng Rao and Liu Yang and Sebastian Ruder and Donald Metzler},
	year         = 2021,
	booktitle    = {9th International Conference on Learning Representations, {ICLR} 2021, Virtual Event, Austria, May 3-7, 2021},
	publisher    = {OpenReview.net},
	timestamp    = {Wed, 23 Jun 2021 01:00:00 +0200}
}
@article{tfidf,
	title        = {Term-Weighting Approaches in Automatic Text Retrieval},
	author       = {Salton, Gerard and Buckley, Chris},
	year         = 1988,
	journal      = {Inf. Process. Manag.},
	volume       = 24,
	number       = 5,
	pages        = {513--523},
	timestamp    = {Fri, 21 Feb 2020 13:11:16 +0100}
}
@inproceedings{clip,
	title        = {Learning Transferable Visual Models From Natural Language Supervision},
	author       = {Alec Radford and Jong Wook Kim and Chris Hallacy and Aditya Ramesh and Gabriel Goh and Sandhini Agarwal and Girish Sastry and Amanda Askell and Pamela Mishkin and Jack Clark and Gretchen Krueger and Ilya Sutskever},
	year         = 2021,
	booktitle    = {Proceedings of the 38th International Conference on Machine Learning, {ICML} 2021, 18-24 July 2021, Virtual Event},
	publisher    = {{PMLR}},
	series       = {Proceedings of Machine Learning Research},
	volume       = 139,
	pages        = {8748--8763},
	timestamp    = {Wed, 25 Aug 2021 01:00:00 +0200}
}
@inproceedings{gru,
	title        = {Learning Phrase Representations using {RNN} Encoder{--}Decoder for Statistical Machine Translation},
	author       = {Cho, Kyunghyun  and van Merri{\"e}nboer, Bart  and Gulcehre, Caglar  and Bahdanau, Dzmitry  and Bougares, Fethi  and Schwenk, Holger  and Bengio, Yoshua},
	year         = 2014,
	booktitle    = {Proceedings of the 2014 Conference on Empirical Methods in Natural Language Processing ({EMNLP})},
	publisher    = {Association for Computational Linguistics},
	pages        = {1724--1734}
}
@inproceedings{lstm,
	title        = {Build {A} Module for Improvement Real Time Speech enhancement using Long Short-term Memory Approach: Improvement Real Time Speech enhancement using Long Short-term Memory},
	author       = {Vo, Van and Le, Bach Son and Vo, Huy Phuc and Nguyen, Huong Thi Cam and Lam, Phuong Huu Khanh},
	year         = 2023,
	booktitle    = {Proceedings of the 2023 8th International Conference on Intelligent Information Technology, {ICIIT} 2023, Da Nang, Vietnam, February 24-26, 2023},
	publisher    = {{ACM}},
	pages        = {259--264},
	timestamp    = {Fri, 21 Jul 2023 22:25:37 +0200}
}
@inproceedings{ctcloss,
	title        = {Connectionist temporal classification: labelling unsegmented sequence data with recurrent neural networks},
	author       = {Alex Graves and Santiago Fern{\'{a}}ndez and Faustino J. Gomez and J{\"{u}}rgen Schmidhuber},
	year         = 2006,
	booktitle    = {Machine Learning, Proceedings of the Twenty-Third International Conference {(ICML} 2006), Pittsburgh, Pennsylvania, USA, June 25-29, 2006},
	publisher    = {{ACM}},
	series       = {{ACM} International Conference Proceeding Series},
	volume       = 148,
	pages        = {369--376},
	timestamp    = {Tue, 06 Nov 2018 00:00:00 +0100}
}
@inproceedings{cbow,
	title        = {Efficient Estimation of Word Representations in Vector Space},
	author       = {Mikolov, Tom{\'{a}}s and Chen, Kai and Corrado, Greg and Dean, Jeffrey},
	year         = 2013,
	booktitle    = {1st International Conference on Learning Representations, {ICLR} 2013, Scottsdale, Arizona, USA, May 2-4, 2013, Workshop Track Proceedings},
	timestamp    = {Mon, 28 Dec 2020 11:31:01 +0100}
}
@inproceedings{stylecontent,
	title        = {Analyzing Font Style Usage and Contextual Factors in Real Images},
	author       = {Yasukochi, Naoya and Hayashi, Hideaki and Haraguchi, Daichi and Uchida, Seiichi},
	year         = 2023,
	booktitle    = {Document Analysis and Recognition - {ICDAR} 2023 - 17th International Conference, San Jos{\'{e}}, CA, USA, August 21-26, 2023, Proceedings, Part {III}},
	publisher    = {Springer},
	series       = {Lecture Notes in Computer Science},
	volume       = 14189,
	pages        = {331--347},
	timestamp    = {Thu, 24 Aug 2023 10:22:40 +0200}
}
@article{gpt,
	title        = {Improving language understanding with unsupervised learning},
	author       = {Radford, Alec and Narasimhan, Karthik and Salimans, Tim and Sutskever, Ilya},
	year         = 2018,
	publisher    = {Technical report, OpenAI}
}
@article{crossentropy,
	title        = {The regression analysis of binary sequences},
	author       = {Cox, David R},
	year         = 1958,
	journal      = {Journal of the Royal Statistical Society Series B: Statistical Methodology},
	publisher    = {Oxford University Press},
	volume       = 20,
	number       = 2,
	pages        = {215--232}
}
@inproceedings{cutmix,
	title        = {CutMix: Regularization Strategy to Train Strong Classifiers With Localizable Features},
	author       = {Sangdoo Yun and Dongyoon Han and Sanghyuk Chun and Seong Joon Oh and Youngjoon Yoo and Junsuk Choe},
	year         = 2019,
	booktitle    = {2019 {IEEE/CVF} International Conference on Computer Vision, {ICCV} 2019, Seoul, Korea (South), October 27 - November 2, 2019},
	publisher    = {{IEEE}},
	pages        = {6022--6031},
	timestamp    = {Thu, 05 Mar 2020 00:00:00 +0100}
}
@article{langevo,
	title        = {Neural Network Algorithm for Detection of New Word Meanings Denoting Named Entities},
	author       = {Bochkarev, Vladimir V. and Khristoforov, Stanislav and Shevlyakova, Anna V. and Solovyev, Valery D.},
	year         = 2022,
	journal      = {{IEEE} Access},
	volume       = 10,
	pages        = {68499--68512},
	timestamp    = {Mon, 25 Jul 2022 08:39:29 +0200}
}
@inproceedings{mae,
	title        = {Masked Autoencoders Are Scalable Vision Learners},
	author       = {Kaiming He and Xinlei Chen and Saining Xie and Yanghao Li and Piotr Doll{\'{a}}r and Ross B. Girshick},
	year         = 2022,
	booktitle    = {{IEEE/CVF} Conference on Computer Vision and Pattern Recognition, {CVPR} 2022, New Orleans, LA, USA, June 18-24, 2022},
	publisher    = {{IEEE}},
	pages        = {15979--15988},
	timestamp    = {Wed, 05 Oct 2022 01:00:00 +0200}
}

@inproceedings{fu2016semi,
	title        = {Semi-supervised Vocabulary-Informed Learning},
	author       = {Yanwei Fu and Leonid Sigal},
	year         = 2016,
	booktitle    = {2016 {IEEE} Conference on Computer Vision and Pattern Recognition, {CVPR} 2016, Las Vegas, NV, USA, June 27-30, 2016},
	publisher    = {{IEEE} Computer Society},
	pages        = {5337--5346},
	timestamp    = {Thu, 25 May 2017 01:00:00 +0200}
}
@article{YinZTL16,
  author       = {Xu{-}Cheng Yin and
                  Ze{-}Yu Zuo and
                  Shu Tian and
                  Cheng{-}Lin Liu},
  title        = {Text Detection, Tracking and Recognition in Video: {A} Comprehensive
                  Survey},
  journal      = {{IEEE} Trans. Image Process.},
  volume       = {25},
  number       = {6},
  pages        = {2752--2773},
  year         = {2016},
  url          = {https://doi.org/10.1109/TIP.2016.2554321},
  doi          = {10.1109/TIP.2016.2554321},
  timestamp    = {Sun, 10 May 2020 21:19:21 +0200},
  biburl       = {https://dblp.org/rec/journals/tip/YinZTL16.bib},
  bibsource    = {dblp computer science bibliography, https://dblp.org}
}



@article{LongHY21,
  author       = {Shangbang Long and
                  Xin He and
                  Cong Yao},
  title        = {Scene Text Detection and Recognition: The Deep Learning Era},
  journal      = {Int. J. Comput. Vis.},
  volume       = {129},
  number       = {1},
  pages        = {161--184},
  year         = {2021},
  url          = {https://doi.org/10.1007/s11263-020-01369-0},
  doi          = {10.1007/S11263-020-01369-0},
  timestamp    = {Tue, 26 Jan 2021 08:45:09 +0100},
  biburl       = {https://dblp.org/rec/journals/ijcv/LongHY21.bib},
  bibsource    = {dblp computer science bibliography, https://dblp.org}
}

@inproceedings{RothackerRF13,
  author       = {Leonard Rothacker and
                  Mar{\c{c}}al Rusi{\~{n}}ol and
                  Gernot A. Fink},
  title        = {Bag-of-Features HMMs for Segmentation-Free Word Spotting in Handwritten
                  Documents},
  booktitle    = {12th International Conference on Document Analysis and Recognition,
                  {ICDAR} 2013, Washington, DC, USA, August 25-28, 2013},
  pages        = {1305--1309},
  publisher    = {{IEEE} Computer Society},
  year         = {2013},
  url          = {https://doi.org/10.1109/ICDAR.2013.264},
  doi          = {10.1109/ICDAR.2013.264},
  timestamp    = {Fri, 24 Mar 2023 00:05:06 +0100},
  biburl       = {https://dblp.org/rec/conf/icdar/RothackerRF13.bib},
  bibsource    = {dblp computer science bibliography, https://dblp.org}
}



@inproceedings{AlmazanGFV13,
  author       = {Jon Almaz{\'{a}}n and
                  Albert Gordo and
                  Alicia Forn{\'{e}}s and
                  Ernest Valveny},
  title        = {Handwritten Word Spotting with Corrected Attributes},
  booktitle    = {{IEEE} International Conference on Computer Vision, {ICCV} 2013, Sydney,
                  Australia, December 1-8, 2013},
  pages        = {1017--1024},
  publisher    = {{IEEE} Computer Society},
  year         = {2013},
  url          = {https://doi.org/10.1109/ICCV.2013.130},
  doi          = {10.1109/ICCV.2013.130},
  timestamp    = {Thu, 23 Mar 2023 23:57:41 +0100},
  biburl       = {https://dblp.org/rec/conf/iccv/AlmazanGFV13.bib},
  bibsource    = {dblp computer science bibliography, https://dblp.org}
}

@inproceedings{EpshteinOW10,
  author       = {Boris Epshtein and
                  Eyal Ofek and
                  Yonatan Wexler},
  title        = {Detecting text in natural scenes with stroke width transform},
  booktitle    = {The Twenty-Third {IEEE} Conference on Computer Vision and Pattern
                  Recognition, {CVPR} 2010, San Francisco, CA, USA, 13-18 June 2010},
  pages        = {2963--2970},
  publisher    = {{IEEE} Computer Society},
  year         = {2010},
  url          = {https://doi.org/10.1109/CVPR.2010.5540041},
  doi          = {10.1109/CVPR.2010.5540041},
  timestamp    = {Fri, 24 Mar 2023 00:02:53 +0100},
  biburl       = {https://dblp.org/rec/conf/cvpr/EpshteinOW10.bib},
  bibsource    = {dblp computer science bibliography, https://dblp.org}
}

@inproceedings{LimZD13,
  author       = {Joseph J. Lim and
                  C. Lawrence Zitnick and
                  Piotr Doll{\'{a}}r},
  title        = {Sketch Tokens: {A} Learned Mid-level Representation for Contour and
                  Object Detection},
  booktitle    = {2013 {IEEE} Conference on Computer Vision and Pattern Recognition,
                  Portland, OR, USA, June 23-28, 2013},
  pages        = {3158--3165},
  publisher    = {{IEEE} Computer Society},
  year         = {2013},
  url          = {https://doi.org/10.1109/CVPR.2013.406},
  doi          = {10.1109/CVPR.2013.406},
  timestamp    = {Fri, 24 Mar 2023 00:03:00 +0100},
  biburl       = {https://dblp.org/rec/conf/cvpr/LimZD13.bib},
  bibsource    = {dblp computer science bibliography, https://dblp.org}
}

@inproceedings{LiPT05,
  author       = {Li Fei{-}Fei and
                  Pietro Perona},
  title        = {A Bayesian Hierarchical Model for Learning Natural Scene Categories},
  booktitle    = {2005 {IEEE} Computer Society Conference on Computer Vision and Pattern
                  Recognition {(CVPR} 2005), 20-26 June 2005, San Diego, CA, {USA}},
  pages        = {524--531},
  publisher    = {{IEEE} Computer Society},
  year         = {2005},
  url          = {https://doi.org/10.1109/CVPR.2005.16},
  doi          = {10.1109/CVPR.2005.16},
  timestamp    = {Fri, 24 Mar 2023 00:02:56 +0100},
  biburl       = {https://dblp.org/rec/conf/cvpr/LiPT05.bib},
  bibsource    = {dblp computer science bibliography, https://dblp.org}
}

@article{BaiYL16,
  author       = {Xiang Bai and
                  Cong Yao and
                  Wenyu Liu},
  title        = {Strokelets: {A} Learned Multi-Scale Mid-Level Representation for Scene
                  Text Recognition},
  journal      = {{IEEE} Trans. Image Process.},
  volume       = {25},
  number       = {6},
  pages        = {2789--2802},
  year         = {2016},
  url          = {https://doi.org/10.1109/TIP.2016.2555080},
  doi          = {10.1109/TIP.2016.2555080},
  timestamp    = {Sun, 10 May 2020 21:20:47 +0200},
  biburl       = {https://dblp.org/rec/journals/tip/BaiYL16.bib},
  bibsource    = {dblp computer science bibliography, https://dblp.org}
}

@inproceedings{Gordo15,
  author       = {Albert Gordo},
  title        = {Supervised mid-level features for word image representation},
  booktitle    = {{IEEE} Conference on Computer Vision and Pattern Recognition, {CVPR}
                  2015, Boston, MA, USA, June 7-12, 2015},
  pages        = {2956--2964},
  publisher    = {{IEEE} Computer Society},
  year         = {2015},
  url          = {https://doi.org/10.1109/CVPR.2015.7298914},
  doi          = {10.1109/CVPR.2015.7298914},
  timestamp    = {Fri, 24 Mar 2023 00:02:51 +0100},
  biburl       = {https://dblp.org/rec/conf/cvpr/Gordo15.bib},
  bibsource    = {dblp computer science bibliography, https://dblp.org}
}





