@String(PAMI = {IEEE Trans. Pattern Anal. Mach. Intell.})
@String(IJCV = {Int. J. Comput. Vis.})
@String(CVPR= {IEEE Conf. Comput. Vis. Pattern Recog.})
@String(ICCV= {Int. Conf. Comput. Vis.})
@String(ECCV= {Eur. Conf. Comput. Vis.})
@String(NIPS= {Adv. Neural Inform. Process. Syst.})
@String(ICPR = {Int. Conf. Pattern Recog.})
@String(BMVC= {Brit. Mach. Vis. Conf.})
@String(TOG= {ACM Trans. Graph.})
@String(TIP  = {IEEE Trans. Image Process.})
@String(TVCG  = {IEEE Trans. Vis. Comput. Graph.})
@String(TMM  = {IEEE Trans. Multimedia})
@String(ACMMM= {ACM Int. Conf. Multimedia})
@String(ICME = {Int. Conf. Multimedia and Expo})
@String(ICASSP=	{ICASSP})
@String(ICIP = {IEEE Int. Conf. Image Process.})
@String(ACCV  = {ACCV})
@String(ICLR = {Int. Conf. Learn. Represent.})
@String(IJCAI = {IJCAI})
@String(PR   = {Pattern Recognition})
@String(AAAI = {AAAI})
@String(CVPRW= {IEEE Conf. Comput. Vis. Pattern Recog. Worksh.})
@String(CSVT = {IEEE Trans. Circuit Syst. Video Technol.})

@String(SPL	= {IEEE Sign. Process. Letters})
@String(VR   = {Vis. Res.})
@String(JOV	 = {J. Vis.})
@String(TVC  = {The Vis. Comput.})
@String(JCST  = {J. Comput. Sci. Tech.})
@String(CGF  = {Comput. Graph. Forum})
@String(CVM = {Computational Visual Media})


@String(PAMI  = {IEEE TPAMI})
@String(IJCV  = {IJCV})
@String(CVPR  = {CVPR})
@String(ICCV  = {ICCV})
@String(ECCV  = {ECCV})
@String(NIPS  = {NeurIPS})
@String(ICPR  = {ICPR})
@String(BMVC  =	{BMVC})
@String(TOG   = {ACM TOG})
@String(TIP   = {IEEE TIP})
@String(TVCG  = {IEEE TVCG})
@String(TCSVT = {IEEE TCSVT})
@String(TMM   =	{IEEE TMM})
@String(ACMMM = {ACM MM})
@String(ICME  =	{ICME})
@String(ICASSP=	{ICASSP})
@String(ICIP  = {ICIP})
@String(ACCV  = {ACCV})
@String(ICLR  = {ICLR})
@String(IJCAI = {IJCAI})
@String(PR = {PR})
@String(AAAI = {AAAI})
@String(CVPRW= {CVPRW})
@String(CSVT = {IEEE TCSVT})


@article{mobile,
  title={Mobilenets: Efficient convolutional neural networks for mobile vision applications},
  author={Howard, Andrew G and Zhu, Menglong and Chen, Bo and Kalenichenko, Dmitry and Wang, Weijun and Weyand, Tobias and Andreetto, Marco and Adam, Hartwig},
  journal={arXiv preprint arXiv:1704.04861},
  year={2017}
}
@inproceedings{jla,
  title={Joint layout analysis, character detection and recognition for historical document digitization},
  author={Ma, Weihong and Zhang, Hesuo and Jin, Lianwen and Wu, Sihang and Wang, Jiapeng and Wang, Yongpan},
  booktitle={2020 17th International Conference on Frontiers in Handwriting Recognition (ICFHR)},
  pages={31--36},
  year={2020},
  organization={IEEE}
}
@article{tkhmth,
  title     = {Dense and Tight Detection of Chinese Characters in Historical Documents: Datasets and a Recognition Guided Detector},
  author    = {Yang, Hailin and Jin, Lianwen and Huang, Weiguo and Yang, Zhaoyang and Lai, Songxuan and Sun, Jifeng},
  jurnal    = {IEEE Access},
  year      = {2018}
}
@article{tailsurvey,
  title={A survey on long-tailed visual recognition},
  author={Yang, Lu and Jiang, He and Song, Qing and Guo, Jun},
  journal={International Journal of Computer Vision},
  volume={130},
  number={7},
  pages={1837--1872},
  year={2022},
  publisher={Springer}
}
@inproceedings{dissection,
  title={Network dissection: Quantifying interpretability of deep visual representations},
  author={Bau, David and Zhou, Bolei and Khosla, Aditya and Oliva, Aude and Torralba, Antonio},
  booktitle={Proceedings of the IEEE conference on computer vision and pattern recognition},
  pages={6541--6549},
  year={2017}
}
@article{hffilter,
  title={The range of harmful frequency for DNN corruption robustness},
  author={Zhang, Zhuang and Meng, Dejian and Zhang, Lijun and Xiao, Wei and Tian, Wei},
  journal={Neurocomputing},
  volume={481},
  pages={294--309},
  year={2022},
  publisher={Elsevier}
}
@inproceedings{hfharm,
  title={High-frequency component helps explain the generalization of convolutional neural networks},
  author={Wang, Haohan and Wu, Xindi and Huang, Zeyi and Xing, Eric P},
  booktitle={Proceedings of the IEEE/CVF conference on computer vision and pattern recognition},
  pages={8684--8694},
  year={2020}
}
@inproceedings{papytwin,
  title={PapyTwin net: a Twin network for Greek letters detection on ancient Papyri},
  author={Vu, Manh Tu and Beurton-Aimar, Marie},
  booktitle={Proceedings of the 7th International Workshop on Historical Document Imaging and Processing},
  pages={43--48},
  year={2023}
}
@inproceedings{broken,
  title={Reconstruction of Broken Writing Strokes in Greek Papyri},
  author={Amin, Javaria and Siddiqi, Imran and Moetesum, Momina},
  booktitle={International Conference on Document Analysis and Recognition},
  pages={253--266},
  year={2023},
  organization={Springer}
}
@article{ligarature,
  title={Classification of incunable glyphs and out-of-distribution detection with joint energy-based models},
  author={Kordon, Florian and Weichselbaumer, Nikolaus and Herz, Randall and Mossman, Stephen and Potten, Edward and Seuret, Mathias and Mayr, Martin and Christlein, Vincent},
  journal={International Journal on Document Analysis and Recognition (IJDAR)},
  pages={1--18},
  year={2023},
  publisher={Springer}
}